3376 5200
767 261 937 358 A
1017 273 1019 277 ,

296 468 365 536 Π.
381 467 449 535 LL.
485 466 597 532 oleos
618 485 671 526 σου
696 464 858 549 praebent
888 464 1030 549 quinque
1062 464 1158 529 codd.
1190 462 1329 531 minusc.
1361 467 1491 545 Holm.;

211 583 556 653 testeMontefalc.
581 581 670 657 „cov“
695 584 958 649 Theodotion
978 585 1125 650 habebat
1152 583 1186 648 in
1212 586 1380 670 hexaplis,
1406 587 1493 654 unde

210 707 246 784 in
269 705 398 772 codices
418 705 494 770 illos
510 703 642 769 videtur
657 703 838 789 irrepsisse.
860 741 892 752 ω
913 717 1008 766 aaron
1024 704 1214 790 (quodcum
1230 706 1284 772 RB
1299 706 1493 791 recepimus)

213 828 307 892 deest
322 826 356 890 in
371 824 401 892 A
415 825 494 892 XII
511 826 558 908 (at
573 823 676 888 habet
691 824 725 888 in
741 827 859 909 marg.)
876 831 910 889 et
926 823 1095 888 codicibus
1110 823 1248 890 minusc.
1269 828 1297 890 7.
1321 865 1353 876 -
1367 850 1422 908 γαρ
1439 830 1495 912 (ut
1615 875 1624 889 .

212 947 376 1030 Paulus)
400 945 526 1010 addunt
548 942 742 1012 slxllaa
766 951 800 1008 et
816 945 912 1009 codd.
930 943 1068 1008 minusc.
1087 943 1207 1027 viginti
1224 945 1305 1022 duo;
1330 946 1378 1010 ita
1394 946 1493 1011 etiam

212 1066 309 1132 editt.
338 1065 506 1150 Complut.
520 1069 554 1128 et
564 1063 697 1129 Aldine.
722 1063 807 1128 Inde
817 1063 962 1128 dubitari
971 1087 1038 1128 non
1047 1071 1170 1148 potest,
1184 1063 1262 1148 quin
1277 1065 1425 1129 Paulus
1439 1089 1494 1146 γαρ
1567 1149 1569 1152 ¹

211 1176 296 1250 illud
317 1207 383 1264 sec.
406 1191 511 1249 testes
533 1183 779 1268 antiquissimos
805 1183 978 1268 receperit.
1006 1225 1036 1231 —
1060 1205 1168 1263 ποιησει
1184 1207 1280 1264 uepres
1304 1184 1494 1269 scripsimus

213 1329 287 1371 cum
312 1305 385 1370 cod.
411 1305 441 1371 B
467 1325 507 1367 ex
532 1303 611 1368 edit.
639 1305 740 1388 Ang.
767 1303 865 1369 Maii
889 1303 1002 1388 (editio
1027 1304 1140 1367 Rom:
1173 1325 1269 1384 κυριος
1286 1309 1404 1391 ποιησει)
1413 1331 1422 1384 3
1459 1314 1494 1371 at

212 1426 333 1490 iterum
349 1423 594 1489 consentientes
611 1423 754 1490 shxll
770 1430 805 1488 et
820 1424 916 1489 codd.
935 1422 1183 1508 quatuordecim
1198 1423 1338 1490 minusc.
1350 1411 1492 1491 Holinn

212 1567 321 1624 ποιησει
346 1567 362 1606 o
385 1550 465 1611 deos·
529 1543 649 1626 Itaque
681 1565 756 1607 cum
786 1566 884 1627 supra
914 1543 1065 1606 Paulus
1096 1565 1192 1606 αυτων
1225 1543 1390 1609 omisisset
1420 1569 1495 1634 oum

212 1664 326 1732 AXII
343 1670 458 1728 eontra
474 1663 544 1741 sB,
565 1663 719 1726 hocloco
736 1633 833 1743 saproc
847 1653 1075 1746 praebet'cum
1090 1662 1120 1728 B
1137 1669 1253 1726 contra
1267 1662 1411 1731 &AXII
1427 1673 1492 1730 eto.

212 1784 315 1849 Vides
339 1783 458 1868 igitur,
484 1789 657 1866 utramque
681 1788 795 1846 textus
820 1782 960 1846 formam
983 1781 1049 1846 iam
1072 1781 1107 1845 in
1127 1781 1363 1866 antiquissimis
1385 1807 1494 1850 exem·

212 1903 359 1990 pleribus
375 1901 560 1982 exstitisse,
583 1909 622 1966 ut
639 1903 838 1968 delectione
855 1903 996 1986 quadam
1011 1901 1165 1986 primaria
1186 1901 1321 1968 iudicari
1342 1904 1398 1969 vix
1419 1929 1494 1991 pos-

213 2024 269 2088 sit.
309 2023 468 2108 Reliquae
484 2021 656 2103 lectiones,
672 2030 711 2101 ut
734 2044 829 2104 κυριος
845 2044 941 2104 nuptos
958 2046 1015 2084 ror
1032 2024 1187 2100 ὅνναμεων,
1204 2045 1300 2104 saproc
1316 2026 1383 2098 dos,
1400 2049 1495 2108 κυριος

213 2167 229 2206 o
246 2149 320 2211 θεος
336 2142 461 2206 nullius
477 2149 555 2206 sunt
571 2143 746 2222 momenti,
771 2142 891 2228 quippe
908 2166 990 2228 quae
1007 2165 1120 2207 omnes
1143 2143 1327 2209 coniunctis
1342 2145 1493 2210 lectioni·

213 2263 275 2330 bus
297 2285 394 2344 ’‘”0109
414 2271 448 2329 ei
464 2285 480 2324 ⁰
498 2269 571 2332 θδος
586 2285 626 2327 ex
641 2262 791 2347 hexaplis
807 2262 921 2326 illatae
938 2261 1016 2326 sint.
1027 2265 1050 2356 ᾖ)

298 2437 448 2500 Paulus
472 2436 575 2521 igitur
598 2435 711 2520 primis
733 2433 828 2498 LXX
853 2433 998 2498 virorum
1021 2433 1130 2498 verbis
1155 2435 1347 2500 substituit:
1377 2459 1428 2498 aaa
1445 2461 1495 2516 ηο

213 2561 342 2636 αριθμος
358 2578 414 2618 των
430 2579 497 2620 ocor
514 2558 644 2636 Ισραηλς
667 2555 753 2618 unde
769 2555 851 2618 haec
867 2553 1038 2632 fluxerint,
1064 2555 1152 2618 haud
1168 2555 1304 2620 difficile
1322 2562 1373 2620 est
1389 2555 1491 2622 dictu.

212 2674 495 2760 Legunturenim
516 2675 610 2740 initio
634 2675 781 2739 eiusdem
802 2695 915 2738 versus
941 2650 1035 2758 (Hos.
1055 2679 1084 2753 2,
1104 2677 1149 2759 l),
1181 2675 1273 2739 euius
1295 2683 1423 2760 partem
1445 2678 1492 2742 al-

211 2802 318 2860 teram
334 2798 505 2881 apostolus
522 2796 619 2860 modo
636 2795 857 2878 allegaverat,
884 2797 972 2858 hunc
987 2793 1022 2858 in
1037 2795 1188 2859 modum:
1214 2788 1263 2856 uni
1281 2785 1313 2874 ἦν
1331 2793 1347 2857 ὁ
1366 2792 1495 2876 ἀριθμὸς

211 2916 268 2977 soie
284 2913 352 2978 vicia
368 2912 484 2998 Ἰσραὴλ
501 2913 542 2986 ὡς
558 2913 575 2994 ἡ
593 2910 689 2995 ἄμμος
706 2915 755 2994 τῆς
773 2911 931 2993 θαλάσσης
953 2916 1012 2975 κτλ.
1063 2914 1156 2980 Quae
1178 2917 1278 2980 verba
1299 2938 1374 2980 oum
1394 2918 1493 3001 paulo

212 3042 289 3100 ante
314 3037 485 3122 apostolus
509 3059 623 3102 recens
648 3036 682 3100 in
706 3034 897 3099 memoriam
921 3035 1116 3115 reduxisset,
1141 3037 1273 3101 minime
1295 3036 1414 3100 mirum
1430 3044 1491 3116 est,

212 3156 300 3243 quod
317 3178 355 3220 ea
370 3158 390 3220 J
398 3156 529 3222 esaiae
544 3157 674 3236 tribuit,
691 3155 886 3240 praesertim
902 3177 976 3218 curn
992 3157 1085 3220 locus
1100 3163 1239 3240 uterque
1255 3157 1372 3222 iisdem
1384 3157 1493 3222 verbis

211 3284 330 3365 pergat
351 3268 407 3352 (oc
423 3300 440 3356 η
458 3299 555 3356 oppos
571 3299 621 3357 της
639 3270 736 3356 och).
763 3277 847 3341 Inde
864 3278 962 3340 simul
978 3277 1104 3341 factum
1120 3276 1261 3356 videtur,
1278 3285 1317 3340 nt
1331 3277 1398 3342 loci
1413 3277 1493 3341 Ho-

212 3418 303 3462 seae
328 3418 444 3462 vocem
464 3386 571 3482 lafita
591 3397 678 3462 enim
699 3419 773 3462 oum
789 3395 1018 3462 Tischendorf.
1036 3396 1215 3481 legendum
1237 3404 1305 3475 est;
1332 3396 1374 3462 cf.
1392 3399 1493 3462 verba

211 3516 366 3584 hebraica
381 3520 488 3603 nant),
512 3517 611 3583 simul
633 3518 673 3584 de
689 3517 783 3583 initio
799 3540 913 3583 versus
929 3519 949 3581 J
951 3517 1074 3583 esaiani
1095 3517 1272 3583 admodum
1288 3517 1388 3582 simili
1404 3518 1493 3603 cogi·

210 3643 298 3718 tans,
317 3637 535 3706 confunderet
551 3661 626 3704 cum
640 3631 673 3717 ἢν
688 3639 710 3702 i.
728 3661 757 3704 e.
770 3663 829 3701 aaa
867 3639 1069 3724 Apostolum
1084 3645 1196 3704 autem
1211 3638 1401 3704 memoriter
1418 3662 1492 3724 pro-

210 3759 332 3844 phetae
356 3759 468 3825 locum
492 3759 673 3844 allegasse,
699 3759 798 3825 docet
822 3761 982 3838 υπολειμμα
998 3744 1057 3844 pro
1073 3761 1175 3821 καταλ.
1207 3761 1372 3845 (neutrum
1398 3782 1492 3843 prae·

299 4106 327 4172 1)
354 4107 436 4158 Teste
457 4107 622 4157 Bahrdtio
646 4108 730 4158 lectio
754 4124 805 4158 eon
825 4110 856 4159 0.
879 4108 908 4158 in
931 4107 1053 4172 hexaplis
1076 4111 1147 4156 erat:
1175 4124 1280 4174 κυριος,
1308 4105 1492 4171 Symmachi

211 4199 300 4244 antem
313 4198 341 4244 et
353 4193 598 4244 Theodotionis
612 4193 770 4257 (secundnm
782 4197 886 4245 textum
899 4192 989 4256 hebr.)
1003 4211 1090 4261 κυριος
1103 4211 1117 4242 ο
1130 4195 1194 4248 deoc
1205 4209 1256 4242 των
1268 4191 1407 4252 dunestor,
1425 4209 1492 4258 qnae

210 4280 291 4330 verba
307 4280 371 4330 inde
388 4280 422 4330 ab
441 4282 532 4336 οθεος
549 4280 679 4330 asterisco
693 4282 793 4330 notata
810 4283 897 4330 erant.
934 4279 978 4330 lta
994 4279 1023 4330 in
1041 4279 1147 4328 codices
1160 4278 1291 4329 versionis
1303 4279 1379 4328 Alex.
1393 4279 1491 4329 transi·

210 4368 290 4416 erunt
306 4370 334 4416 et
351 4377 400 4431 pro
417 4381 464 4416 suo
484 4366 597 4430 quisque
613 4365 724 4415 arbitrio
742 4382 774 4416 es
790 4365 1046 4438 variantesscribee
1064 4369 1168 4426 tantem
1180 4365 1329 4414 lectionum
1340 4364 1492 4414 multitudi-

211 4467 272 4502 nem
285 4452 441 4502 effecerunt.
