3376 5200
648 1437 837 1521 Addende
863 1445 901 1520 et
928 1431 1169 1542 corrigenda.

268 1732 295 1778 p.
333 1716 416 1764 enn.
437 1717 470 1762 12
489 1715 548 1778 lego
568 1703 586 1778 ᾧ
605 1729 653 1778 pro
673 1733 691 1778 ῳ

268 1833 294 1880 p.
332 1818 347 1864 5
367 1818 415 1866 lin.
438 1819 469 1864 13
487 1817 529 1865 bis
548 1817 656 1880 inrepsit
675 1813 705 1864 αἲ
721 1831 769 1879 pro
788 1813 826 1864 αἱ.
889 1855 893 1863 ,

267 1935 294 1982 p.
315 1922 347 1967 10
365 1919 414 1967 lin.
434 1923 451 1966 4
470 1919 529 1982 lege
548 1926 621 1969 :nisi
640 1933 688 1981 pro
707 1924 783 1969 :nni

268 2037 294 2084 p.
316 2023 348 2068 18
367 2021 414 2069 lin.
437 1995 467 2068 I9
487 2023 546 2084 lege
563 2010 642 2088 3:83.
664 2021 707 2070 sie
727 2019 843 2070 Gesen.
865 2022 883 2068 l.
904 2021 923 2068 l.
943 2035 970 2082 p.
990 2020 1048 2074 693,
1068 2016 1285 2066 asscribendum
1305 2019 1362 2063 eret
1379 2004 1451 2076 5361

268 2139 294 2186 p.
315 2123 348 2172 36
367 2124 416 2172 lin.
436 2125 453 2170 4
471 2123 504 2171 ab
523 2125 573 2172 inf.
594 2125 653 2188 Iege
673 2118 759 2199 ηῃὶῑξῐς
1072 2111 1074 2116 ¹

268 2242 296 2290 p.
316 2226 349 2275 47
368 2226 417 2274 lin.
438 2227 470 2274 15
489 2227 549 2289 lege
567 2223 629 2280 τοὺς
646 2241 694 2288 pro
713 2226 774 2282 τοῦς

268 2343 299 2390 p:
315 2329 348 2376 48
368 2329 416 2376 lin.
438 2330 470 2375 24
489 2329 548 2392 lege
568 2317 633 2393 “³ss

268 2431 348 2492 paee
367 2431 416 2478 lin.
437 2432 451 2477 5
471 2430 504 2478 ab
523 2431 573 2478 inf.
594 2431 654 2494 lege
673 2419 754 2495 ³5¹5?
772 2445 820 2493 pro
839 2418 886 2494 *eb

268 2549 294 2595 p.
316 2534 349 2580 60
369 2534 417 2580 lin.
439 2534 471 2579 10
489 2534 563 2596 lege=
583 2532 642 2580 eod.
664 2532 838 2581 Bodleian.
858 2547 928 2580 seeo.
949 2532 1004 2579 fere
1023 2529 1099 2578 VIII.

268 2650 295 2698 p.
315 2637 349 2684 60
368 2636 416 2684 lin.
439 2637 471 2683 10
489 2635 522 2683 eb
541 2636 591 2684 inf.
613 2635 673 2684 dele
692 2636 727 2684 el.

268 2753 294 2800 p.
315 2739 348 2786 68
367 2746 425 2786 not.
447 2740 460 2785 I
480 2737 528 2786 iin.
550 2740 564 2785 1
583 2738 642 2800 lege
662 2737 713 2785 Job
732 2751 779 2799 pro
798 2736 870 2784 Jiob.

175 2871 183 2891 a
269 2857 295 2902 p.
315 2841 349 2888 69
368 2844 425 2890 not.
447 2843 473 2887 l:
502 2838 592 2888 Etiam
619 2806 649 2892 in
676 2840 708 2887 iis
735 2837 887 2886 Philonis
915 2838 1082 2900 fragmentis,
1111 2851 1178 2900 quse
1207 2835 1445 2884 Tischendorf
1475 2853 1566 2900 nuper

435 2941 522 2990 edidit
546 2938 680 3002 (Philome
700 2943 753 2988 ete.
782 2939 855 3003 Lips.
883 2939 971 3002 1868),
991 2941 1092 2988 nullum
1117 2939 1248 2988 versionis
1267 2938 1329 2985 Jobi
1354 2938 1567 2989 Alexandrinae

434 3043 578 3106 vestigium
601 3041 774 3104 deprehendi
