3376 5200
838 281 878 340 58

215 485 297 555 riam
322 484 480 567 apostoli,
507 484 646 546 alteram
671 489 782 546 autern
808 485 967 565 (κημωσεις)
992 483 1139 564 glossam
1166 481 1413 563 explicatricem
1439 484 1496 546 ha-

216 606 370 668 buerunt.

302 741 412 808 Lxx.
440 726 483 801 od
502 725 678 829 φιμώσεις
696 733 787 822 βοῦν
805 725 983 813 ἀλοῶντα,
1016 761 1097 821 quae
1128 739 1228 802 verba
1259 739 1421 803 hebraicis
1438 735 1497 804 ab

216 860 316 953 'llll'la²
332 857 394 926 nlu'
410 860 505 954 0an
522 860 603 923 satis
619 859 831 942 respondent.

567 1117 598 1200 b)
625 1117 736 1181 l'lim.
756 1121 786 1195 5,
805 1121 844 1181 l8
864 1115 907 1179 cl.
926 1118 1026 1179 Dent.
1045 1121 1096 1194 25,
1114 1121 1145 1179 4.

301 1301 407 1386 Λέγει
424 1291 492 1388 γάρ
514 1292 533 1391 r}
552 1290 673 1393 γραφή
705 1297 803 1366 Βοῦν
822 1289 987 1364 ἀλοῶντα
1006 1291 1049 1364 ori
1070 1288 1257 1391 φιμώσεις.

302 1428 400 1490 Hunc
420 1426 595 1489 verborum
617 1425 764 1489 ordinem
783 1425 943 1507 praebent
965 1423 1144 1492 RDFGKL
1160 1425 1203 1488 al.
1221 1425 1320 1507 longe
1337 1424 1495 1508 plerique,

216 1550 236 1611 cl
255 1572 276 1628 q
297 1548 397 1628 polla,
414 1568 475 1630 apr.
494 1551 570 1618 alr„
588 1546 631 1608 al.
669 1546 775 1607 Dam.
793 1545 965 1608 Tertull.
984 1582 1025 1590 —
1041 1543 1199 1607 Lachm.
1217 1543 1322 1607 edidit
1342 1567 1376 1606 ον
1395 1567 1497 1622 arpos.

205 1670 281 1748 ,βουν
300 1669 433 1727 alonna
453 1687 524 1728 cum
542 1663 597 1731 ΑΟ
614 1665 656 1727 al.
675 1671 802 1746 septem
821 1665 851 1750 s
866 1666 949 1744 ναίρ.
970 1671 1049 1744 cept.
1067 1686 1181 1727 urraca.
1208 1663 1346 1748 Chrys.
1368 1665 1497 1727 Theo·

215 1787 288 1849 drt.
307 1786 349 1848 al.
381 1785 429 1847 Ut
445 1783 567 1848 codicis
584 1797 606 1850 r
623 1790 657 1847 et
672 1784 830 1847 versionis
846 1805 906 1868 cyr.
926 1782 1159 1847 auctoritatem
1175 1784 1378 1861 omittamus,
1396 1783 1496 1847 lectio

215 1905 365 1970 codicum
380 1903 413 1970 A·
432 1911 496 1967 etc.
520 1903 641 1967 iterum
661 1903 694 1967 in
717 1903 937 1987 suspicionem
954 1903 1043 1966 cadit
1060 1903 1298 1967 emendationis
1315 1925 1331 1966 e
1348 1903 1497 1967 versione

215 2025 312 2088 Alex.
330 2023 503 2107 repetitae.
526 2064 557 2072 -
578 2045 716 2102 κημωσεις
746 2025 908 2090 hocloco
934 2024 1024 2087 solus
1049 2023 1122 2088 cod.
1149 2024 1180 2090 Ι)
1206 2025 1343 2109 praebet
1370 2026 1398 2108 (e
1423 2024 1496 2088 loco

216 2144 321 2210 lCor.
339 2148 369 2224 9,
391 2147 434 2229 9).

683 2344 685 2348 Ι
740 2371 862 2428 laneus
879 2371 975 2426 ΒΝ.

545 2525 650 2589 ssCor.
669 2529 699 2603 9,
719 2526 735 2589 7
753 2524 794 2587 cf.
814 2526 911 2588 Prov.
930 2528 981 2601 22,
1000 2528 1018 2586 8
1036 2522 1166 2606 (LXX).

267 2764 273 2775 ·
296 2716 437 2816 ‘Ilapdv
454 2717 522 2818 γὰρ
540 2714 650 2815 δόιην
667 2715 790 2815 ἀγαπᾷ
810 2716 828 2789 ὁ
847 2713 947 2805 θεός.

300 2867 410 2934 LXX.
445 2849 562 2955 ἄνδρα
580 2851 707 2953 ἱλαρὸν
725 2856 786 2926 ναὶ
804 2851 913 2952 δότην
931 2850 1066 2944 mileysi
1082 2859 1148 2952 (al.-
1161 2850 1301 2952 ἀγαπᾷ)
1320 2852 1338 2925 ὁ
1357 2849 1458 2942 θεός.

299 3004 446 3071 WLL.
491 3005 596 3082 soleya.
623 3003 782 3085 praebent
807 3001 907 3078 &AB3
942 3025 1043 3078 αγαπα
1066 3005 1116 3086 (ut
1132 3003 1289 3086 Paulus)
1311 3002 1407 3065 codd.
1430 3009 1496 3066 tre-

215 3123 322 3188 decim
346 3123 485 3186 minusc.
508 3123 674 3200 Holmes.,
700 3122 787 3185 inter
808 3145 889 3205 quos
908 3126 967 3186 149
991 3121 1204 3205 (Vindobon.)
1228 3129 1262 3186 et
1279 3125 1339 3187 297
1361 3121 1496 3206 (Vatic.)

162 3231 164 3234 ⁵
216 3243 359 3327 optimae
390 3251 489 3307 notae
520 3250 609 3306 sunt.
656 3242 781 3306 Eadem
811 3241 910 3304 lectio
942 3241 1007 3305 iam
1037 3242 1069 3305 iu
1095 3242 1245 3326 hexaplis
1269 3250 1386 3307 notata
1415 3247 1495 3305 erat.

215 3365 339 3427 Textus
357 3363 442 3427 enim
460 3362 646 3446 hexaplaris
662 3368 749 3425 teste
767 3361 927 3424 Montes
931 3362 1006 3425 ale.
1025 3365 1107 3426 haec
1123 3363 1286 3426 habebat:
1310 3361 1405 3424 Lxx
1422 3363 1497 3422 ενλο-

215 3490 372 3563 prensam
384 3483 496 3567 (lectio
507 3505 593 3547 nuno
604 3482 786 3566 deperdita,
804 3482 862 3544 sed
873 3481 997 3564 optime
1007 3483 1210 3566 respondens
1221 3481 1375 3546 hebraico
1393 3479 1496 3572 31'3'27).

215 3602 293 3664 Ala.
311 3605 417 3678 ενλογει
435 3626 450 3664 ο
470 3609 549 3670 deoc.
580 3601 657 3662 All.
676 3625 779 3682 αγαπα
797 3625 813 3662 o
831 3607 911 3670 θεος.
956 3601 1110 3666 Ceterum
1127 3609 1241 3666 textus
1258 3603 1356 3665 Alex.
1374 3601 1408 3664 in
1424 3602 1497 3665 loco

216 3723 464 3808 proverbiorum
486 3723 619 3786 laudato
637 3721 664 3785 is
684 3728 750 3799 est,
775 3728 813 3784 ut
834 3721 1016 3785 lectionum
1030 3723 1169 3786 variatio
1191 3721 1324 3785 minime
1341 3720 1423 3785 mira
1441 3720 1496 3784 sit.
1540 3712 1547 3732 ⁸

218 3845 387 3908 Quantum
410 3865 472 3926 ego
493 3842 606 3920 video,
624 3841 751 3905 auctior
766 3841 860 3904 LXX
879 3841 1024 3905 virorum
1044 3849 1157 3906 textus
1180 3865 1220 3905 ex
1242 3841 1367 3926 duplici
1383 3864 1498 3905 eorun-

217 3964 291 4028 dem
307 3964 482 4027 verbomm
497 3961 768 4046 interpretatione
784 3961 896 4041 fluxit,
919 3984 1056 4045 quarum
1078 3963 1182 4026 altera
1200 3962 1342 4046 primum
1357 3963 1398 4026 ad
1415 3985 1498 4026 mar·

217 4083 327 4167 ginem
344 4083 412 4146 sive
429 4105 527 4166 supra
542 4081 645 4146 lineas
662 4081 829 4165 adscripta
845 4081 1026 4146 scribarum
1041 4081 1172 4145 inscitia
1193 4084 1247 4146 vel
1263 4082 1387 4146 incuria
1403 4080 1499 4144 alteri

218 4203 365 4269 admixta
381 4211 462 4266 erat.
502 4202 669 4265 Quattuor
685 4201 772 4266 enim
788 4201 998 4266 hemistichia
1012 4207 1126 4265 textus
1144 4201 1288 4266 hebraici
1304 4205 1385 4266 haec
1402 4207 1496 4264 sunt:

388 4317 822 4418 vewmm
994 4318 1328 4418 mmmm

547 4392 560 4413 r.-

389 4467 421 4514 v.
439 4446 474 4506 9:
520 4436 578 4537 535
595 4435 703 4536 tantu
718 4453 823 4535 inp-u
1022 4441 1099 4537 aph}
1115 4453 1180 4510 aaa
1195 4442 1328 4528 pratu
