3376 5200
824 231 864 292 39

293 433 356 498 W.
372 433 440 498 LL.
456 433 621 508 ’νπολενμμα
648 431 747 514 (quod
768 453 863 494 nemo
886 432 919 494 in
941 431 1035 494 LXX
1056 434 1203 515 praebet)
1231 432 1392 495 edendum
1416 439 1486 494 erat

206 575 279 618 cum
295 552 379 618 sAB
395 552 539 614 Euseb.
559 551 750 630 (demonstr.
769 573 885 634 evang.
907 555 965 614 155
984 558 1018 614 et
1034 555 1111 630 150.
1128 552 1248 634 quibus
1262 551 1344 614 locis
1362 553 1483 616 Euscb.

204 679 333 734 textum
364 678 516 736 accurate
548 669 728 752 exscribit).
777 672 901 737 Contra
925 671 1038 734 teritus
1063 679 1215 754 receptus
1236 672 1374 754 praebet
1398 694 1486 750 noroy

73 845 84 857 .
204 793 307 868 λειμμοι
333 813 407 854 cum
432 790 553 854 codicis
579 806 601 856 5
626 812 724 853 manu
747 793 776 852 A
803 794 897 873 (quae
928 815 1004 850 κατα
1021 793 1076 854 ad
1107 791 1285 874 marginem
1311 790 1485 872 adscripsit

204 910 306 992 signis
323 910 444 973 additis
460 911 533 974 voci
548 933 581 970 το
598 909 630 971 in
646 915 744 972 textu
760 917 793 972 et
812 933 888 970 κατα
905 911 946 974 ad
962 914 1079 994 marg.)
1101 910 1284 978 DEFGKL
1307 911 1349 974 al.
1370 909 1485 992 pleris-

204 1051 277 1112 que.
318 1030 466 1113 Denique
487 1030 559 1093 cod.
577 1032 617 1093 47
629 1053 634 1088 :
660 1031 908 1106 onouurnlerppn,
931 1053 1013 1113 quae
1035 1030 1135 1092 lectio
1159 1031 1322 1112 quomodo
1340 1036 1412 1091 orta
1429 1029 1482 1106 sit,

204 1158 390 1214 correctura
406 1149 528 1212 codicis
545 1161 567 1215 s
584 1172 681 1232 supra
697 1155 813 1212 notata
829 1149 909 1212 satis
925 1149 1060 1213 indicat.
1109 1151 1227 1232 ltaque
1245 1126 1319 1212 cum
1336 1147 1484 1214 551555-

201 1269 373 1332 tinendum
395 1271 645 1345 estrumentum
669 1268 787 1351 reliqui
810 1291 921 1332 omnes
944 1291 984 1332 ex
1006 1269 1204 1332 auctoritate
1227 1266 1385 1344 versionis
1405 1268 1483 1330 Ale-

202 1376 485 1471 xandr.'pendere
507 1387 602 1450 nobis
623 1387 786 1451 videntur.
812 1388 1087 1452 Emendationem
1112 1395 1221 1450 autem
1249 1389 1374 1470 (καταλ.)
1398 1386 1483 1450 anti-

203 1507 368 1590 quissimis
390 1507 455 1570 iam
479 1507 683 1590 temporibus
708 1507 741 1570 in
767 1507 935 1572 codicibus
960 1507 1128 1571 nonnullis
1153 1507 1339 1584 exstitisse,
1363 1506 1483 1570 iterum

203 1627 324 1690 codicis
356 1641 377 1693 ll
407 1627 507 1690 lectio
538 1627 729 1710 marginalis
760 1628 869 1692 docet.
899 1667 929 1674 -
958 1629 997 1690 In
1022 1650 1118 1691 versu
1144 1632 1183 1690 28
1209 1629 1310 1690 verba
1340 1626 1433 1690 uncis
1464 1651 1483 1689 5

201 1746 296 1810 nobis
321 1745 449 1810 inclusa
473 1747 634 1812 omittunt
656 1747 739 1814 &AB
765 1751 828 1812 23*
849 1749 913 1812 571
936 1750 1021 1812 67Η
1043 1769 1146 1810 verse.
1170 1771 1245 1832 epm,
1273 1753 1366 1827 copi..
1395 1749 1480 1809 orob.

201 1868 290 1947 lep„
318 1867 666 1948 epatribusEuseb.
695 1869 791 1950 (dem.
811 1889 928 1950 evang.
949 1870 1020 1950 150)
1048 1869 1153 1930 Dam.
1182 1870 1282 1950 Aug.
1305 1867 1481 1928 -Eadem

202 1986 302 2048 verba
317 1987 476 2069 praebent
492 1986 718 2053 seDEFGKL
741 1987 796 2049 alii
811 1989 910 2070 longe
932 1986 1096 2069 plerique;
1123 2009 1139 2050 e
1161 1986 1367 2050 versionibus
1388 1987 1480 2060 italo,

202 2105 297 2186 vulp„
324 2105 445 2190 syriaco
464 2112 564 2186 post,
588 2107 686 2186 polla,
710 2107 795 2168 orob.
812 2113 911 2186 poe..
934 2107 1072 2179 clavom,
1096 2106 1236 2188 denique
1261 2112 1392 2188 patrum
1416 2105 1482 2168 loci

200 2232 338 2308 septem,
357 2224 443 2288 inter
460 2247 541 2308 quos
558 2227 701 2289 Euseb.
720 2225 817 2309 (dem.
836 2217 953 2308 evang.
973 2229 1045 2307 145)
1062 2233 1097 2288 et
1113 2225 1253 2308 Chrys.
1277 2265 1306 2272 -
1330 2225 1481 2308 Denique

199 2345 229 2410 B
246 2348 295 2427 (ut
310 2344 443 2408 videtur
458 2346 559 2427 solus)
578 2318 693 2408 scribit
715 2367 730 2404 ο
748 2367 851 2423 rooles.

284 2481 383 2544 Quod
405 2483 446 2544 ad
463 2481 672 2546 omissionem
688 2483 863 2546 verborum
884 2475 912 2542 εν
929 2484 1046 2542 benamu.
1065 2484 1123 2540 κτλ.
1138 2481 1276 2560 attinet,
1304 2505 1321 2545 e
1343 2481 1480 2544 testium

198 2601 443 2686 comparatione
467 2602 608 2685 primum
634 2604 697 2665 hoc
718 2609 871 2685 apparet,
897 2610 1070 2686 utramque
1092 2601 1270 2664 lectionem
1292 2601 1479 2684 antiquissi-

198 2744 285 2783 mam
301 2743 388 2797 esse3
415 2721 495 2783 alias
512 2720 617 2784 versio
636 2721 770 2805 Syriaca
787 2725 833 2806 (at
850 2722 891 2785 cf.
910 2721 1094 2786 versionem
1111 2724 1184 2806 Syr.
1202 2726 1260 2805 p.),
1280 2715 1377 2805 q'umn
1394 2721 1480 2784 circa

197 2839 327 2902 initium
358 2841 482 2904 saeculi
510 2841 602 2904 tertii
633 2847 740 2904 ortam
770 2864 841 2906 5555
872 2841 1111 2924 existimant¹),
1145 2863 1183 2904 ea
1207 2865 1272 2906 uon
1301 2841 1477 2919 omisisset,

196 2959 302 3023 versio
319 2960 409 3023 Itala
424 2983 490 3024 non
506 2960 709 3024 retinuisset.
735 2963 809 3025 Huc
826 2961 966 3040 accedit,
986 2963 1073 3044 quod
1090 2961 1293 3026 Eusebius
1313 2962 1347 3024 in
1363 2963 1478 3025 eodem

195 3079 281 3143 libro
304 3087 476 3164 utramque
485 3081 671 3172 ¹lectionem
693 3080 847 3165 deinceps
869 3089 1002 3144 secutus
1020 3089 1081 3144 est.
1129 3081 1353 3146 Nihilominus
1370 3082 1477 3145 facere

195 3222 261 3263 non
283 3223 433 3283 possum,
461 3201 659 3286 quinetiam
682 3205 745 3266 hoc
764 3203 838 3265 loco
854 3201 1032 3265 lectionem
1049 3201 1199 3264 codicum
1216 3201 1299 3268 &AB
1316 3224 1477 3265 consensu

196 3320 460 3384 commendatam
490 3323 543 3384 vel
573 3323 681 3386 Italae
711 3321 904 3385 testimonio
935 3321 1136 3404 praeferam,
1178 3321 1371 3404 praesertim
1403 3345 1477 3385 cum

195 3439 296 3502 verbe
325 3439 384 3501 illa
413 3439 446 3500 in
477 3439 696 3522 suspicionem
727 3441 847 3504 cadant
871 3439 1061 3503 refectionis
1087 3463 1103 3503 e
1128 3441 1277 3503 versione
1302 3442 1399 3504 Alex.
1426 3464 1476 3506 re-.

196 3555 330 3639 petitae.
1450 3537 1451 3542 ἵ

280 3693 389 3760 LXX.
422 3685 483 3754 καὶ
500 3661 565 3754 ἐὰν
590 3691 735 3782 γένηται
759 3682 777 3756 ὁ
802 3681 890 3772 λαός
905 3681 1048 3781 Ἰσραὴλ
1067 3682 1116 3773 οἱς
1137 3683 1155 3783 ἡ
1182 3673 1309 3778 ἄμμος,
1323 3687 1386 3780 τῆς
1403 3692 1475 3758 θα·
1538 3707 1541 3712 ’

194 3814 332 3917 ideone·
355 3817 395 3892 τὸ
420 3815 646 3913 κατάλειμμα
673 3817 793 3893 αὐτῶν
821 3817 1048 3918 σωθήσεται·
1078 3814 1183 3912 λόγον
1213 3817 1325 3920 [yolo]
1355 3846 1474 3894 ouvra-

194 3957 264 4026 λῶν
297 3958 357 4026 καὶ
387 3964 597 4049 συντέμνων
630 3964 669 4029 ἐν
697 3955 923 4064 δικαιοσύνῃ,
956 3953 1012 4030 ὅτι
1049 3955 1154 4048 λόγον
1185 3967 1475 4056 σονοοτμῃμένον

193 4086 336 4188 ποιήσει
354 4087 477 4192 κύριος
494 4099 531 4165 ἐν
549 4097 592 4200 τῃ
612 4101 807 4201 οἰκουμένῃ
825 4089 900 4202 ὅλῃ.

151 4406 159 4414 ”
279 4398 305 4461 l)
326 4397 367 4448 Cf.
383 4401 464 4466 Hug,
477 4398 622 4466 Eleleitcnq
635 4401 661 4448 in
675 4399 715 4448 die
729 4399 859 4466 Schriften
872 4400 913 4449 des
926 4397 960 4448 N.
979 4399 1008 4448 T.
1029 4402 1040 4449 l
1056 4420 1081 4466 p.
1094 4405 1153 4452 367.
