3376 5200
797 315 968 410 -α-

592 519 623 599 a)
639 517 734 578 Rom.
753 519 783 593 3,
802 519 856 580 13·
871 515 914 579 cf.
931 515 1055 579 Psalm.
1073 519 1103 592 5,
1124 518 1172 578 10.

331 673 457 776 'l'oipog
484 673 704 771 ἀνεῳγμένος
733 673 751 746 ὁ
778 671 910 771 λάρυγξ
932 673 1069 762 αὐτῶν,
1100 687 1179 762 ταῖς
1202 669 1382 764 γλώσσαις
1405 671 1524 745 αὐτῶν

242 815 454 885 ἐδολιοῦσαν
473 813 545 884 κτλ.

325 961 393 1027 W.
418 961 486 1027 LL.
518 959 552 1021 in
576 967 715 1042 utroque
740 966 836 1023 textu
861 959 984 1023 nullius
1010 959 1177 1022 momenti.
1234 959 1344 1051 Verba
1369 958 1524 1022 hebraica

241 1074 366 1174 μγήῃῖ
390 1074 488 1173 olivi}
512 1078 584 1172 ῦξᾛ
609 1090 777 1172 Πηηῖγῆξῇ
802 1079 944 1143 versioni
966 1079 1046 1142 satis
1068 1078 1279 1161 respondent.
1338 1078 1448 1142 Verba
1468 1099 1523 1140 ex·

241 1208 346 1262 trema
376 1199 505 1282 proprie
534 1199 688 1262 audiunt:
732 1200 868 1280 linquam
898 1223 983 1262 ecam
1015 1200 1158 1261 blandam
1188 1199 1320 1260 reddunt
1351 1199 1522 1277 (polircnl);

242 1319 300 1382 sed
317 1341 391 1382 cum
415 1314 521 1405 prbnrl
545 1317 666 1381 omisso
691 1317 880 1381 accusativo
906 1318 1004 1381 etiam
1027 1317 1108 1382 alias
1139 1317 1193 1400 (cf.
1218 1320 1272 1379 Ps.
1291 1321 1342 1395 36,
1361 1323 1390 1381 2.
1423 1319 1521 1380 Prov.

243 1444 293 1516 29,
317 1442 347 1522 5)
373 1437 539 1500 notionem
567 1437 746 1536 blandiendi
770 1444 899 1516 teneat,
932 1461 990 1501 suo
1016 1438 1084 1500 iure
1116 1440 1340 1515 Surenhus,
1374 1438 1521 1515 Dathe,

242 1559 407 1639 Kamph.
427 1580 501 1620 cum
517 1557 665 1622 versione
682 1557 780 1620 Alex.
799 1557 1073 1640 interpretantur:
1100 1558 1208 1638 linqua
1230 1581 1285 1618 rau
1308 1558 1520 1620 blandiuntur.

576 1780 607 1862 b)
625 1781 721 1844 Rom.
740 1782 770 1857 3,
790 1779 844 1843 leb
862 1779 904 1842 cf.
923 1778 1044 1842 Psalm.
1064 1783 1137 1857 140,
1154 1784 1185 1842 4.

327 1960 384 2046 ἰὸς
402 1953 565 2029 ἀσπίδων
582 1951 653 2026 ὑπὸ
675 1954 718 2027 ml
734 1959 833 2054 χσίλη
851 1953 982 2028 αὐτῶν.

326 2107 366 2168 In
383 2103 531 2167 versione
549 2104 646 2165 Alex.
665 2104 738 2166 cod.
756 2127 839 2166 unus
851 2103 962 2166 Holm.
981 2103 1074 2167 addit
1091 2126 1135 2163 αει
1149 2111 1226 2186 post
1239 2127 1341 2163 αυτων.
1358 2103 1521 2168 ¹Ceterum

240 2225 334 2288 LXX
350 2225 433 2288 bene
448 2223 649 2306 respondent
665 2222 772 2286 verbis
788 2223 967 2286 hebraicis:
994 2221 1123 2319 inrrjpip
1138 2235 1213 2303 nnn
1230 2223 1335 2316 :impp
1349 2235 1424 2314 rint]

598 2449 627 2529 c)
644 2448 739 2508 Rom.
758 2449 788 2524 3,
808 2450 847 2509 lc
864 2446 907 2509 cf.
925 2447 1048 2510 Psalm.
1068 2451 1118 2524 10,
1138 2441 1167 2512 7.

328 2617 378 2696 ὧν
397 2623 436 2696 τὸ
457 2619 575 2714 στόμα
594 2620 688 2719 ἀρᾶς
707 2625 767 2694 καὶ
785 2625 931 2714 πικρίας
949 2628 1055 2715 γέμει.

328 2771 410 2834 cod.
429 2773 458 2838 B
481 2774 527 2852 (et
545 2773 600 2844 173
624 2769 666 2832 cf.
691 2769 791 2832 etiam
814 2748 1007 2853 Cypriani
1028 2793 1059 2833 os
1084 2775 1195 2854 eorum)
1217 2779 1295 2854 post
1312 2793 1406 2849 στομα
1429 2771 1523 2836 addit

242 2916 344 2954 αννων.
387 2891 485 2954 Quod
507 2889 576 2952 sine
599 2889 698 2953 dubio
720 2911 785 2952 sec,
812 2889 903 2952 LXX
926 2888 1013 2953 viros
1034 2913 1053 2954 a
1074 2891 1194 2954 seriore
1217 2914 1314 2954 manu
1340 2891 1373 2954 in
1391 2898 1523 2955 textum

242 3013 372 3075 illatum
390 3017 452 3073 est.

327 3147 437 3214 lxx.
454 3128 497 3206 οὗ
516 3131 608 3228 ἀρᾶς
628 3131 666 3204 τὸ
687 3131 805 3226 στόμα
824 3131 938 3206 αὐτοῦ
956 3142 1052 3227 γέμει
1071 3138 1131 3207 καὶ
1146 3133 1386 3229 πικρίαςγῖκαὶ
1398 3133 1522 3232 δόλου]

241 3268 310 3331 sine
325 3266 506 3330 lectionum
522 3265 694 3328 varietate.
729 3265 879 3328 Eundem
895 3272 1027 3328 textum
1042 3287 1147 3348 usque
1169 3266 1210 3328 ad
1230 3287 1344 3328 vocem
1363 3290 1411 3328 και
1434 3274 1522 3331 teste

240 3387 478 3452 Montefalc.
497 3386 514 3448 l
531 3409 563 3469 p.
581 3389 644 3450 486
661 3384 759 3448 ctiam
777 3386 990 3467 hexaplorum
1007 3385 1164 3469 reliquiae
1179 3387 1350 3469 praebent.

236 3535 241 3544 ·
326 3508 437 3574 Helu.
463 3501 554 3596 [um]
572 3501 700 3600 ninum
717 3499 785 3596 aba
800 3519 877 3587 amu
893 3499 959 3596 uta

326 3628 448 3690 Paulus
464 3626 567 3709 igitur
573 3675 582 3704 ,
607 3648 681 3689 cum
697 3625 731 3688 in
746 3607 880 3709 reliquis
896 3626 979 3688 locis
996 3625 1147 3690 omnibus
1170 3627 1331 3711 pluralem
1351 3647 1523 3689 numerum

241 3754 402 3824 servaret,
428 3746 531 3809 libere
548 3745 648 3808 etiam
664 3746 746 3808 haec
762 3746 862 3808 verba
877 3744 911 3808 in
927 3745 1023 3808 finem
1041 3770 1137 3809 suum
1153 3745 1311 3824 mutavit,
1338 3751 1374 3808 at
1391 3752 1523 3808 retenta

240 3866 403 3950 particula
418 3864 556 3928 relativa
573 3868 669 3948 (orla
689 3871 787 3928 textu
808 3863 961 3928 hebraico
979 3864 1095 3928 aliena.
1135 3867 1310 3928 Praeterea
1335 3865 1434 3928 etiam
1458 3887 1522 3927 vox

240 4009 337 4064 πικρια
366 3985 478 4062 docet,
505 3985 545 4047 de
570 3984 663 4047 sonte
688 3984 897 4067 allegationis
924 3984 1068 4046 dubitari
1092 4007 1157 4047 non
1181 4007 1293 4066 posse;
1328 3983 1409 4046 alias
1435 3969 1520 4046 enim

240 4119 351 4172 mm
384 4103 568 4167 accuratius
601 4104 797 4167 vertendum
830 4114 901 4166 erat
929 4106 1139 4189 „J'raudee“.
1194 4103 1288 4166 LXX
1319 4103 1380 4166 viri
1410 4111 1520 4166 autem

240 4232 408 4288 vertentes
427 4222 576 4302 ,,αικριας“
601 4246 668 4286 non
692 4222 790 4286 aliam
815 4223 920 4286 secuti
945 4231 1023 4286 sunt
1047 4223 1224 4286 lectionem
1250 4224 1453 4307 (Olshaus.
1481 4223 1521 4284 de

240 4357 324 4412 uisu
350 4343 505 4428 cogitat),
533 4344 591 4407 sed
615 4351 654 4406 ut
675 4341 863 4427 saepissime
884 4342 1008 4406 factum
1031 4350 1082 4405 est
1104 4343 1212 4406 locum
1230 4342 1337 4405 obiter
1353 4341 1521 4434 intuentes

240 4465 384 4528 radicem
399 4481 445 4533 'm
460 4463 544 4528 falso
561 4463 820 4528 immiscuerunt.
