3376 5200
809 309 848 372 79

745 397 915 404 ...ς--η

189 511 285 594 primi
309 511 437 594 psaltae
461 516 607 592 repetat,
634 510 825 573 undecimus
850 509 1009 573 versionis
1035 510 1133 573 Alex.
1157 509 1268 573 verba¹
1282 509 1316 571 in
1337 509 1469 573 brevius

191 633 382 708 contrahat,
409 629 623 715 duodecimus
645 630 741 711 plane
765 651 838 692 oum
854 629 1003 694 versione
1023 629 1208 692 conveniat.
1255 632 1345 692 Ante
1363 628 1471 692 omnia

190 758 300 814 autem
324 753 388 814 hoo
413 750 613 813 monendum
635 757 702 828 est,
729 751 896 814 Paulum
924 756 1062 832 excepta
1083 771 1164 812 voce
1185 751 1292 816 δικαισι·
1313 748 1470 812 versionis

189 871 289 933 verba
313 877 465 933 accurate
491 876 641 933 secutum
667 891 749 934 esse.
798 874 844 933 At
868 892 941 933 oum
963 871 1026 932 hoo
1047 868 1129 932 loeis
1152 891 1168 932 e
1191 875 1302 932 vetere
1323 875 1403 932 test.
1420 889 1470 930 re-

190 989 304 1072 petitis
325 991 537 1072 comprobare
554 990 719 1068 studeret,
745 1011 785 1052 ne
802 990 945 1052 Judaeos
968 988 1099 1071 quidem
1116 989 1191 1072 lege
1207 989 1390 1072 gaudentes
1414 990 1423 1070 (
1446 987 1468 1050 f.

191 1132 220 1171 v.
234 1111 285 1192 20)
304 1108 410 1172 iustos
427 1131 498 1172 esse
515 1131 624 1172 eoram
641 1110 713 1187 deo,
729 1109 824 1173 LXX
840 1109 984 1173 virorum
1000 1108 1108 1172 verbis
1126 1131 1176 1170 ουκ
1195 1130 1253 1168 εστι
1270 1130 1358 1169 ποιων
1374 1129 1470 1187 χρηστ.

189 1228 384 1312 simpliciter
409 1227 583 1292 substituit
613 1252 664 1288 ουκ
691 1231 912 1310 εστινδικαιος,·
946 1249 1027 1310 quae
1054 1213 1171 1291 deinde
1195 1228 1332 1310 legebat
1357 1234 1471 1290 eontra

188 1355 319 1410 textum
343 1349 436 1411 hebr.
463 1347 592 1410 addita:
618 1371 669 1409 ουκ
687 1370 760 1408 εστιν
777 1371 830 1416 rur
848 1370 924 1418 ενος,
953 1355 987 1410 et
1011 1347 1079 1430 ipse
1106 1347 1227 1411 adiecit
1250 1347 1382 1410 brevius
1406 1347 1468 1410 ita:

189 1469 254 1526 ινὸε
271 1489 327 1535 aas
347 1487 429 1549 quae
446 1465 575 1530 dicendi
592 1466 732 1530 formula
743 1467 798 1551 (of.
818 1468 922 1532 lCor.
936 1471 965 1545 6,
979 1469 1009 1550 5)
1022 1474 1055 1530 et
1072 1467 1252 1550 simplicior
1269 1474 1339 1531 erat
1355 1472 1389 1530 et
1405 1489 1471 1530 non

189 1587 296 1648 minus
312 1585 436 1650 usitata
451 1587 614 1669 apostolo
662 1587 743 1650 Inde
765 1609 877 1651 eorum
896 1586 1061 1650 sententia
1083 1586 1159 1650 ferri
1180 1609 1247 1650 non
1261 1593 1389 1670 potest,
1416 1586 1472 1669 qui

188 1705 222 1768 in
237 1727 333 1769 versu
345 1710 383 1769 10
400 1713 558 1789 tauquam
575 1731 734 1770 summam
751 1706 961 1790 allegationis
978 1707 1189 1790 praemissam
1208 1707 1322 1770 dieunt
1344 1706 1467 1790 (Calv.

189 1825 329 1908 Koppe
351 1825 479 1888 Bleek
500 1825 714 1891 Fritzsohe
734 1829 848 1890 Thol.
866 1829 940 1910 al.);
966 1827 1075 1892 reddit
1091 1827 1178 1890 enim
1194 1850 1307 1890 versus
1324 1826 1470 1890 deoimus

189 1943 355 2026 integrum
370 1945 436 2007 looi
452 1947 574 2008 Psalm.
595 1951 644 2024 lo,
663 1953 679 2011 l
698 1955 939 2030 argumentum,
964 1947 1011 2010 ita
1027 1955 1064 2009 ut
1081 1947 1251 2030 apostolus
1268 1947 1301 2009 in
1316 1969 1413 2010 versu
1435 1951 1467 2010 ll

190 2063 231 2124 ad
253 2063 393 2126 alterum
412 2064 532 2146 psalmi
553 2087 683 2129 versum
703 2073 861 2130 transeat.
910 2067 961 2128 Ex
979 2090 1042 2148 quo
1064 2090 1130 2129 non
1151 2066 1214 2128 nisi
1229 2074 1283 2129 tot
1303 2068 1403 2130 verba
1420 2089 1469 2129 se-

190 2183 331 2245 eundum
352 2183 448 2246 LXX
472 2184 558 2247 viros
583 2185 694 2263 affert,
727 2192 808 2267 quot
839 2185 880 2248 ad
910 2194 1141 2268 argumentum
1174 2185 1242 2248 eius
1274 2186 1470 2250 videbantur

188 2302 383 2366 necessaria.
430 2303 571 2366 Versum
592 2303 728 2368 tertium
750 2312 861 2368 autem
883 2327 988 2369 meras
1005 2306 1240 2368 affirmationes
1257 2307 1470 2388 praebentem

189 2422 340 2485 Paulus
355 2421 523 2506 integrum
539 2431 573 2486 et
589 2433 741 2489 accurate
759 2447 775 2488 e
792 2425 940 2489 versione
956 2425 1091 2509 recepit.

669 2657 805 2739 'nocua
826 2685 974 2739 nxvu.

493 2803 588 2863 Rom.
608 2805 658 2879 10,
678 2806 760 2865 6-8
778 2802 819 2865 of.
838 2804 937 2866 Dent.
957 2807 1008 2882 30,
1028 2807 1165 2866 11-14.

276 2972 339 3068 [H
360 2979 397 3047 dl
421 2981 458 3047 ἐκ
481 2979 634 3064 πίστεως
659 2975 872 3076 δικαιοσύνη
897 2976 1011 3067 οὕτως
1035 2983 1138 3070 λέγει·
1166 2977 1217 3078 μὴ
1245 2985 1346 3086 εἴπῃς
1369 2986 1406 3051 ἐν
1427 2986 1469 3085 τῇ

189 3113 318 3210 καρδίᾳ
340 3110 423 3206 σου]
448 3115 511 3200 Τίς
530 3108 752 3210 ἀναβήσεται
775 3122 824 3203 εἰς
844 3113 904 3186 τ’ὀν
923 3112 1098 3213 οὐρανόν;
1126 3114 1237 3210 [toric³
1259 3125 1358 3190 ἔστιν
1375 3123 1469 3211 Χρι-

190 3244 276 3320 στόν
303 3249 546 3344 καταγαγεῖν]
593 3286 623 3325 v.
645 3265 673 3326 7.
703 3248 726 3348 ἢ
759 3256 823 3340 Τίς
850 3249 1095 3350 καταβήσεται
1122 3260 1171 3342 εἰς
1199 3251 1265 3351 τήν
1289 3250 1468 3352 ἅβνσσον;

190 3382 304 3476 [roor'
327 3393 425 3456 ἔστιν
444 3384 613 3482 Χριστὸν
632 3394 668 3458 ἐκ
686 3391 818 3484 νεκρῶν
837 3385 1054 3482 ἀναγαγεῖν]
1088 3425 1119 3463 v.
1139 3408 1169 3464 8.
1191 3387 1282 3460 ἀλλα
1307 3393 1342 3460 τί
1364 3393 1468 3487 λέγω

184 3515 305 3607 Ἐγγύς
332 3544 399 3591 ooo
428 3517 467 3588 τὸ
497 3517 596 3615 ῥῆμά
624 3527 721 3593 ἐστιν
750 3529 787 3592 ἐν
815 3532 862 3618 τῳ
891 3517 1049 3616 στόματί
1074 3549 1141 3596 σου
1165 3527 1226 3598 καὶ
1249 3532 1287 3597 ἐν
1315 3528 1355 3630 τῇ
1384 3553 1469 3622 καρ-

189 3655 248 3750 δίᾳ
273 3680 340 3727 σου
359 3657 432 3726 κτλ.

272 3804 340 3870 VV.
357 3803 424 3869 LL.
470 3827 500 3866 v.
520 3809 550 3869 8.
575 3827 647 3866 εστιν
665 3815 741 3890 post
759 3832 836 3888 ρημα
852 3808 1012 3906 omittunt
1028 3809 1139 3894 Orig.
1159 3803 1246 3896 Cyr.
1265 3813 1373 3896 (oodd.
1390 3814 1466 3892 du0,

190 3923 283 4004 Orig.
306 3923 514 3987 substituunt
538 3927 669 4006 σφοδρα,·
700 3927 775 3991 vide
799 3927 918 4013 LXX).
950 3969 982 3977 -
1011 3930 1133 3999 DEFG
1157 3953 1258 3996 verss.
1285 3936 1409 3998 multae
1435 3942 1469 3998 et

189 4048 299 4123 patres
322 4042 418 4105 latini
436 4065 508 4104 εστιν
526 4052 603 4128 post
620 4069 673 4126 ιγγ.
691 4069 744 4108 σον
761 4049 930 4130 praebent.

273 4177 382 4244 LXX.
428 4203 459 4242 v.
486 4184 537 4245 11.
572 4167 645 4264 [ὅτι
670 4201 705 4271 ιγ
723 4171 849 4271 ἐντολὴ
869 4169 972 4272 αὕτη
996 4227 1028 4236 -
1051 4171 1116 4268 οὐχ
1145 4173 1342 4274 ὑπέρογκός
1371 4186 1468 4253 ἐστιν

188 4299 272 4375 οὐδὲ
299 4303 444 4404 μακρὰν
463 4303 535 4377 ἀπὸ
556 4314 623 4379 σοῦ
647 4313 753 4382 ἐστίν.
803 4326 854 4386 12.
885 4309 948 4384 οὐκ
977 4321 1014 4384 εν
1036 4319 1085 4410 τῷ
1109 4311 1251 4412 οὐρανῷ
1276 4309 1350 4388 ἄνω
1378 4322 1466 4403 ἐστί,

1393 4451 1399 4468 f

187 4437 311 4532 λέγων]
342 4445 406 4528 Τίς
424 4439 645 4540 ἀναβήσεται
670 4443 756 4542 ἡμῖν
780 4453 828 4534 εἰς
849 4445 911 4519 τὸν
930 4446 1088 4545 οὐρανὸν
1108 4450 1184 4544 [καὶ
1206 4447 1360 4550 λήψεται
1383 4467 1467 4550 ιγγιῖν
