3376 5200
743 304 913 398 „fil-

187 503 376 568 hebraicum
393 504 546 567 absolute
562 503 667 586 accipi
682 527 748 567 non
763 510 918 586 possunt,
942 503 999 566 sed
1022 525 1097 566 cum
1112 501 1362 585 insequentibus
1378 508 1467 565 arcte

187 627 376 689 cohaerent.
416 624 611 706 Quanquam
637 623 677 686 de
702 645 788 686 nexu
812 645 850 686 ac
874 622 1009 686 notione
1034 622 1239 706 singulorum
1269 642 1468 704 magnopere

135 824 137 832 J
186 744 272 808 inter
288 766 322 807 se
339 742 539 806 dissentiunt
555 743 762 826 interpretes,
781 746 843 806 hoo
860 741 928 806 sere
945 764 1057 806 omnes
1073 765 1160 806 nunc
1177 741 1379 819 concedunt,
1397 763 1468 804 ver·

186 863 311 928 sionem
332 886 430 942 „com
452 863 614 926 dicebam
636 862 695 945 (ita
717 885 734 926 e
754 862 993 926 recentioribus
1015 863 1105 926 solus
1128 862 1368 945 Olshausen)
1390 860 1468 926 ferri

186 984 241 1048 vir
265 1005 361 1068 posse
385 989 520 1066 propter
541 982 699 1066 temporis
721 981 907 1066 imperfecti
922 982 1084 1058 indolem3
1110 1004 1171 1046 neo
1187 1005 1263 1060 nou,
1284 981 1468 1046 versionem

185 1127 385 1189 „praeoptem
410 1103 572 1166 dicebam“
597 1105 758 1187 (Dathe,
785 1105 981 1181 Rosenm.,
1008 1102 1054 1166 de
1075 1101 1228 1185 Wette)
1253 1103 1344 1165 nullo
1370 1101 1467 1164 modo

186 1223 290 1286 statui
310 1245 407 1306 posse
429 1230 563 1306 propter
583 1222 753 1286 notionem
774 1223 864 1286 vocis
884 1234 928 1290 Ὃ.
973 1223 1025 1286 Ex
1050 1221 1100 1285 his
1122 1221 1297 1285 manifesto
1318 1227 1465 1304 apparet,

185 1343 281 1406 LXX
298 1342 384 1406 viros
406 1360 473 1406 non
494 1342 612 1406 leviter
633 1344 784 1407 recedere
807 1367 826 1406 a
847 1350 944 1406 textu
960 1342 1131 1420 hebraico,
1159 1342 1279 1426 quippe
1296 1340 1351 1424 qui
1367 1342 1467 1404 verba

186 1480 276 1522 επιστ.
296 1465 338 1522 διο
356 1464 483 1540 statera
509 1463 661 1527 absolute
694 1463 799 1546 accipi
834 1462 1012 1526 maluerint
1019 1488 1027 1538 ;
1063 1461 1239 1526 coniuncta
1272 1462 1359 1526 enim
1393 1484 1467 1524 cum

187 1581 617 1666 sequentibus(evevtewm1tpv
634 1585 759 1668 epodon)
776 1605 875 1646 sensu
890 1605 1022 1666 prorsus
1039 1589 1198 1645 carerent.
1246 1582 1340 1644 Pauli
1356 1588 1466 1644 autem

186 1701 343 1786 allegatio
375 1724 527 1784 expresse
551 1702 647 1765 LXX
678 1702 821 1765 virorum
845 1702 995 1767 versione
1020 1701 1153 1779 nititur,
1187 1702 1275 1784 quod
1305 1724 1322 1764 e
1353 1724 1466 1765 versus

184 1822 276 1885 tertii
291 1821 410 1885 decimi
425 1821 520 1885 initio
536 1845 574 1886 ac
590 1823 654 1886 fine
675 1823 825 1906 (eundem
843 1822 995 1906 spiritum
1011 1822 1088 1886 fidei
1110 1823 1269 1885 habentes
1286 1822 1465 1884 secundum

186 1941 343 2024 scriptum
360 1941 444 2004 illud
463 1982 495 1989 —
512 1964 599 2002 cavoa.
617 1945 659 2002 διο
677 1945 756 2003 etot.
772 1983 800 1991 —
830 1941 928 2006 etiam
953 1965 1013 2005 nos
1037 1942 1137 2005 fidem
1161 1941 1354 2019 habuimus,
1388 1964 1465 2023 qua·

185 2068 319 2144 propter
334 2061 434 2125 etiam
448 2062 554 2126 locuti
570 2065 693 2145 sumus)
710 2061 885 2126 manifesto
903 2069 1049 2146 apparet.

673 2356 795 2412 noea·
812 2355 975 2410 xxxiv.

556 2491 675 2556 euim.
694 2497 723 2570 a,
744 2496 797 2556 19·
812 2491 854 2555 of.
871 2491 973 2568 Num.
994 2495 1043 2568 m,
1062 2494 1092 2552 5.

261 2661 374 2757 Ἔγνω
393 2664 518 2766 κύριος
536 2666 621 2758 τοὺς
641 2663 750 2757 ὄντας
768 2666 893 2741 αὐτοῦ.

271 2816 367 2878 Solus
390 2816 464 2879 cod.
482 2830 504 2883 r<
520 2817 672 2899 praebet:
698 2840 811 2886 παντας
835 2840 903 2885 τους
921 2839 1007 2886 cerac
1025 2840 1114 2878 αυτου
1140 2819 1187 2902 (at
1209 2839 1291 2881 corr.
1310 2816 1335 2878 C
1352 2837 1466 2884 παντας

184 2933 316 3016 punctis
331 2934 494 3018 impositis
510 2936 721 3020 reprobavit).

268 3088 378 3156 LXX.
407 3084 493 3169 ἔγνω
513 3077 532 3151 ὁ
549 3077 638 3168 θεὸς
657 3079 741 3168 τοὺς
759 3075 867 3168 ὄντας
885 3076 998 3151 αὐτοῦ
1024 3084 1170 3176 [καὶτοὺς
1189 3089 1286 3171 ἁγίους
1303 3091 1377 3176 avt]

267 3226 335 3292 Π.
360 3228 429 3294 LL.
465 3230 562 3291 Solus
592 3229 722 3292 ood.71
748 3227 860 3290 Holm.
888 3229 1023 3312 (absque
1053 3229 1152 3291 dubio
1179 3228 1360 3292 secundum
1384 3251 1459 3291 nov.

183 3348 275 3428 test.)
293 3348 395 3410 hab'et
412 3370 515 3428 κυριος.
560 3347 651 3411 Edit.
670 3347 837 3410 Aldina:
859 3370 973 3427 eueyvoo,
989 3347 1080 3410 ouius
1097 3347 1249 3410 lectionis
1265 3354 1370 3410 testes
1387 3372 1463 3411 nus-

62 3474 67 3483 '
183 3486 282 3544 quam
302 3465 423 3528 inveni.
451 3503 477 3512 -
498 3466 647 3529 Paulus
668 3465 771 3548 igitur
792 3489 858 3528 non
873 3465 936 3528 nisi
956 3488 993 3528 eo
1010 3465 1136 3530 recedit
1151 3490 1170 3529 a
1186 3467 1333 3530 versione
1351 3468 1461 3544 Alex„

184 3581 272 3662 quod
287 3581 395 3645 verbis
414 3605 430 3642 o
448 3588 521 3648 θεος
542 3582 718 3645 substituit
735 3605 838 3662 κυριος.

268 3719 380 3785 Hebr.
405 3714 647 3810 ‘neb-rusus
664 3715 831 3812 annun-‚1⁸3
1188 3709 1218 3754 ¹*

267 3855 363 3919 LXX
380 3855 482 3940 igitur
497 3856 648 3938 legentes
664 3851 722 3938 Ψ
738 3863 925 3920 verterunt:
951 3856 1035 3918 novit
1050 3856 1164 3919 Jchovc
1187 3880 1263 3941 pro:
1288 3863 1373 3922 coloe
1394 3862 1463 3922 red-

183 3975 233 4037 eet
248 3976 374 4038 Jeeova.
421 3976 514 4039 Quae
536 3976 642 4039 versio
660 3979 742 4040 bene
759 3975 836 4040 ferri
851 3983 980 4059 posset,
1008 3976 1070 4039 nisi
1085 3976 1189 4039 totius
1206 3977 1271 4040 loci
1287 3985 1462 4043 contextus

181 4116 216 4159 re
232 4117 309 4159 vera
324 4094 554 4178 imperfectum
570 4096 702 4180 coniug.
720 4095 835 4179 Hiphil
853 4092 933 4180 (93²³)
949 4103 1112 4180 posceret.
1158 4098 1221 4160 Est
1237 4097 1324 4161 enim
1339 4099 1372 4162 in
1387 4100 1462 4162 loeo

181 4215 282 4278 Num.
302 4219 352 4294 16,
371 4220 406 4278 5:
432 4239 499 4278 crac
521 4217 594 4279 deve
616 4217 752 4280 indicati
773 4263 784 4290 ,
811 4217 878 4301 qvchs
899 4218 965 4280 eius
982 4217 1024 4279 se
1040 4216 1148 4299 (LXX
1164 4217 1271 4282 minus
1288 4226 1460 4283 accurate:

182 4355 249 4400 τους
267 4355 353 4401 oveco
370 4356 476 4404 cotom·
500 4335 542 4398 cf.
569 4358 652 4418 quae
674 4342 856 4419 sequuntur
875 4347 986 4423 ΌἹἾΡίἹ
1000 4339 1075 4420 nur)
1096 4375 1129 4384 -
1148 4361 1233 4422 qoem
1253 4339 1332 4402 enim
1351 4340 1462 4402 electo·
1578 4387 1582 4394 ·

132 4461 136 4468 ‘
182 4473 235 4514 rua
254 4459 316 4526 est,
342 4475 408 4516 eum
428 4456 469 4517 cd
489 4477 520 4518 sc
539 4457 668 4520 occubit.
714 4456 811 4520 LXX
833 4465 944 4521 autem
967 4456 1207 4522 confundentes
1229 4455 1293 4551 'ipsa
1309 4481 1384 4522 oum
1399 4457 1464 4546 eph
