3376 5200
732 421 742 425 -
758 421 780 425 -.
796 332 835 392 81
855 421 899 426 -.-

176 535 375 618 praemittit:
403 557 441 611 μη
459 555 537 611 erunt·
554 556 583 593 εν
596 556 629 611 τη
647 535 751 614 scodra
770 555 822 593 σου
847 532 902 616 (cf.
927 540 972 596 et.
997 535 1213 596 Surenhus
1235 534 1258 597 l.
1276 535 1300 597 l.
1318 557 1351 617 p.
1369 537 1454 618 479).

181 693 211 701 -
233 655 284 716 Ex
299 653 350 716 bis
367 661 503 736 apparet
518 652 669 736 primum,
688 653 728 715 de
744 660 857 716 textus
874 651 1019 716 hebraici
1034 676 1096 714 usu
1112 651 1252 736 cogitari
1267 676 1333 718 non
1348 676 1455 737 posse,

177 773 310 851 deinde,
344 773 442 836 etiam
466 772 666 837 liberrimam
691 775 776 836 hanc
800 771 1011 855 allegationis
1041 772 1180 836 formam
1205 774 1246 837 ad
1271 783 1457 838 accuratam

177 893 335 958 versionis
351 894 449 958 Alex.
469 892 692 976 cognitionem
708 892 913 956 referendam
929 893 1044 975 esse¹).

666 1187 788 1241 Iaocus
808 1185 977 1240 nxvln.

555 1322 651 1384 Rom.
671 1324 721 1399 10,
740 1325 779 1386 ll
798 1320 840 1385 ef.
858 1322 926 1384 Jes.
945 1326 996 1399 28,
1015 1321 1082 1385 ltl.

266 1503 370 1586 Λέγει
387 1494 455 1597 γὰρ
473 1493 497 1594 ἡ
516 1495 636 1595 γραφή
648 1501 736 1585 Πᾶς
755 1495 773 1568 ὁ
793 1493 974 1571 πιστεύων
991 1494 1045 1569 ἐπ’
1068 1494 1166 1594 uoco]
1184 1494 1227 1568 οὐ
1244 1523 1459 1588 καταισχυν-

177 1629 346 1731 θήσεται.

262 1781 330 1848 VV.
346 1780 413 1848 LL.
444 1782 549 1846 Codd.
567 1782 662 1867 pauci
679 1781 824 1866 (solitam
840 1782 1078 1866 allegationum
1094 1783 1256 1847 rationem
1272 1786 1459 1867 sequentes)

180 1901 267 1964 lius.
287 1902 422 1964 Sedul.
440 1901 659 1984 praemittunt
674 1926 724 1963 oa.
741 1941 771 1950 —
794 1901 915 1969 DEFG
931 1926 965 1963 ov
982 1926 1019 1980 μη
1037 1909 1317 1983 καταισχυνθησεται
1335 1907 1461 1986 (contra

179 2019 279 2089 ⁸de
305 2019 379 2084 vide
404 2019 529 2103 Lxx);
555 2043 637 2104 quae
662 2021 762 2085 lectio
788 2021 888 2084 etiam
913 2043 951 2085 eo
977 2029 1132 2106 suspecta
1153 2030 1221 2101 est,
1249 2024 1335 2106 quod
1360 2023 1460 2087 iidem

180 2139 309 2203 codices
325 2139 359 2202 in
374 2141 448 2202 loeo
459 2140 555 2202 Rom.
574 2143 603 2217 9,
617 2145 656 2204 33
674 2144 719 2223 (ου
736 2164 774 2218 μη
792 2144 1000 2238 xerampelini
1018 2141 1193 2204 manifesto
1211 2163 1228 2205 e
1244 2141 1341 2206 LXX
1359 2143 1459 2207 inter·

178 2259 284 2343 polati
299 2267 387 2322 sunt.

264 2394 374 2463 LXX.
411 2387 473 2456 καὶ
491 2382 509 2456 ὁ
529 2379 708 2459 πιστεύων
727 2381 783 2455 ἐπ’
806 2383 903 2481 αὐτῷ
923 2382 966 2457 οὐ
987 2384 1038 2482 μὴ
1059 2393 1329 2492 καταισχυνθῇ.

168 2585 170 2590 .
263 2515 330 2582 vv.
346 2516 414 2582 nn.
429 2483 559 2579 'neten
576 2517 672 2578 nom.
691 2537 766 2578 cum
783 2515 895 2580 conoe
912 2517 941 2582 n
958 2519 1058 2598 (oeae
1076 2537 1117 2579 ex
1133 2516 1212 2580 eus
1230 2518 1332 2600 ang.
1345 2517 1460 2602 Mari)

179 2631 224 2695 εντ’
247 2657 325 2696 aveo
343 2635 480 2699 omittit.
528 2639 577 2699 At
592 2637 693 2700 verba
716 2635 775 2698 illa
799 2635 833 2698 iu
858 2635 1027 2700 codicibus
1050 2633 1200 2703 &AXII
1225 2636 1292 2719 (qui
1314 2659 1391 2700 sane
1410 2634 1458 2698 εντ’

179 2776 274 2814 nocuo
294 2755 442 2836 praebet)
465 2762 499 2817 et
516 2758 554 2817 19
572 2753 709 2818 minuso.
728 2755 890 2833 Holmes.,
914 2776 975 2818 nec
997 2754 1111 2818 nonin
1128 2755 1328 2838 allegatione
1345 2757 1459 2820 Petri

180 2872 220 2955 (I,
240 2877 269 2950 2,
288 2878 321 2951 6,
349 2873 405 2956 qui
420 2874 513 2936 locus
530 2896 606 2938 sane
624 2889 640 2937 e
657 2873 753 2938 Pauli
768 2873 969 2957 allegatione
985 2874 1127 2958 pendere
1144 2880 1267 2959 potest)
1289 2877 1457 2960 leguntur.

180 2993 334 3056 Fortasse
362 2994 537 3056 verborum
559 2992 691 3057 omissio
718 2993 752 3057 in
779 2993 892 3058 codice
914 2995 944 3060 B
965 2995 1007 3058 ad
1026 3001 1141 3058 textus
1163 2995 1308 3060 hebraici
1329 3019 1459 3082 respec-

178 3120 251 3176 tum
266 3112 437 3177 referenda
453 3121 515 3177 est.
771 3089 775 3101 ¹

264 3233 376 3302 Hebr.
401 3231 484 3327 tl'l'st
501 3230 542 3300 ab
558 3246 691 3327 Ῥᾯζξᾉη
707 3234 728 3298 i.
747 3256 775 3298 e.
793 3234 948 3320 qaifidem
963 3235 1052 3297 tabet
1068 3257 1128 3297 non
1144 3236 1283 3298 celeriter
1288 3237 1408 3322 sapiet.

264 3356 415 3419 Paulus
437 3353 540 3438 igitur
561 3354 745 3418 versionem
764 3355 939 3418 verborum
954 3364 1036 3420 nnn*
1053 3347 1094 3420 reb
1115 3353 1222 3417 minus
1239 3357 1459 3439 accuratam²)
1489 3357 1491 3361 ’

178 3456 314 3556 recepit,
332 3473 426 3536 initio
442 3495 501 3540 noc
520 3467 620 3535 esuis
638 3471 775 3536 addidit.
823 3472 932 3535 Quam
948 3493 1064 3535 vocem
1080 3473 1121 3535 ad
1138 3472 1259 3536 variam
1281 3472 1459 3538 lectionem

266 3714 293 3779 1)
312 3715 364 3765 Pro
378 3715 578 3766 dissertationis
591 3719 699 3765 nostrae
713 3717 765 3765 tine
779 3731 833 3764 non
847 3715 987 3772 habemus,
1008 3730 1053 3762 cnr
1072 3714 1104 3764 de
1117 3720 1274 3780 argumento
1287 3719 1460 3782 allegationis

179 3802 341 3852 difficillimo
354 3803 439 3850 mults
453 3802 503 3851 boc
516 3803 576 3850 loco
589 3801 765 3864 disputemus.
804 3801 881 3850 Errat
894 3817 919 3850 v.
935 3817 960 3865 g.
974 3801 1117 3865 Bengel‚
1136 3799 1212 3850 Pauli
1224 3803 1311 3850 locum
1325 3801 1459 3864 perediam

178 3888 321 3936 manissime
333 3885 482 3936 alludentem
495 3887 604 3946 dicena3
621 3887 673 3935 imo
688 3887 749 3936 huic
762 3888 822 3935 loco
834 3887 973 3950 apostolus
987 3886 1097 3935 candem
1112 3902 1189 3950 quam
1203 3888 1286 3950 priori
1297 3888 1372 3952 (hev.
1381 3891 1422 3947 18,
1430 3888 1459 3952 5)
1563 3908 1565 3912 ¹

179 3974 369 4024 anctoritatem
383 3974 488 4032 tribuit,
500 3978 530 4022 ut
543 3973 647 4022 eMosis
657 3973 740 4036 ipsius
749 3973 885 4021 vaticiniis
893 3971 955 4020 fidei
968 3972 1099 4020 iustitiam
1107 3988 1138 4021 ac
1150 3976 1271 4022 naturam
1285 3974 1458 4026 describeret.

179 4059 214 4107 le
227 4059 250 4106 ai
263 4058 322 4121 qnis
336 4058 417 4114 dicat,
431 4059 560 4108 eiusmodi
574 4059 706 4107 rationem
719 4057 871 4122 allegandi,
889 4061 920 4106 ut
934 4073 1001 4120 qnae
1014 4057 1188 4108 vehementer
1200 4075 1215 4107 a
1227 4061 1334 4123 propria
1347 4061 1459 4125 scriptu·

179 4160 222 4194 rac
236 4145 373 4194 sententia
386 4145 541 4207 quinetiam
556 4144 643 4193 verbis
656 4144 774 4201 recedat,
787 4144 900 4192 maxime
913 4144 945 4192 ab
960 4136 1077 4207 apostoli
1090 4144 1205 4193 scientia
1214 4147 1363 4195 veracitate
1373 4146 1459 4211 digni·

179 4235 236 4279 tate
249 4230 399 4288 abhorrere,
412 4245 503 4292 parurn
517 4230 752 4292 interpretationis
765 4229 848 4285 illins,
862 4243 929 4290 quae
943 4229 1098 4292 plerumque
1111 4234 1190 4281 ibt'm
1204 4229 1312 4287 dicitur,
1322 4233 1460 4294 perspexit

179 4315 313 4372 indolam3
333 4317 368 4365 of.
384 4315 683 4379 schoettgenium,
695 4311 782 4360 Horae
795 4311 863 4361 lebr.
878 4317 944 4363 tom.
956 4313 969 4362 l
982 4330 1009 4377 p.
1024 4314 1083 4363 550.

264 4418 291 4478 2)
311 4417 351 4466 De
363 4419 436 4468 varia
447 4418 566 4467 lectione
579 4423 648 4469 effi*
667 4433 726 4466 cnm
745 4416 954 4466 Sursnhnsio
972 4417 1007 4465 al.
1022 4417 1136 4481 cogitari
1155 4433 1209 4466 non
1221 4421 1328 4480 potest;
1347 4417 1399 4467 imo
1412 4419 1459 4468 tri·

178 4505 294 4555 buerunt
312 4503 380 4552 Lxx
393 4504 443 4552 viri
455 4503 536 4553 varbo
549 4507 621 4555 bitti*
634 4503 773 4554 notionem
786 4517 857 4562 sam,
877 4517 944 4566 qnae
957 4503 1038 4552 stiam
1051 4502 1132 4552 hodie
1148 4503 1177 4552 in
1193 4504 1284 4568 lingna
1298 4504 1404 4553 arabica
1417 4519 1458 4554 ar·

1226 4607 1244 4669 6
