3376 5200
865 301 905 368 88

245 515 360 572 eontra
369 509 445 574 13⁴⁶*
455 515 519 571 etc.
532 511 716 592 (ερρηθη).-
730 507 856 570 Vocem
867 529 964 576 ασιοιι·
981 508 1108 572 omittit
1123 509 1195 574 cod.
1208 512 1238 576 B
1249 513 1306 593 (et.
1313 511 1344 596 f
1354 516 1389 573 et
1404 511 1524 592 amicat.)

245 635 359 690 contra
374 627 518 711 reliquos
535 649 658 690 omnes,
689 627 840 709 Denique
857 640 879 694 8
895 651 953 710 pro
970 620 1004 689 αὖ
1022 629 1160 712 praebet
1175 621 1208 706 ᾧ,
1224 630 1312 713 quod
1322 630 1392 713 jam
1409 651 1524 694 manus

245 750 276 809 A
305 746 439 810 secund.
457 746 672 810 Tischend.
690 747 833 809 mutavit
848 747 882 809 in
901 738 943 806 οὗ.

328 882 438 949 Lxx.
467 873 528 943 καὶ
545 879 648 944 ἔσται
667 877 705 942 ἐν
726 873 771 967 uqi
792 866 890 968 τόπῳ
909 865 952 942 αὖ
970 873 1106 970 &cnidda
1124 871 1249 962 αὐτοῖς
1271 870 1327 946 Oa
1346 869 1435 962 λαός
1452 901 1542 968 pou-
1629 904 1637 916 ¹

242 1005 354 1101 ὑμεῖς,
376 1006 476 1101 [ἐκεῖ]
495 1003 748 1106 κληθήσανιαι
764 1009 825 1079 καὶ
842 1005 948 1080 αὐτοὶ
966 1020 1021 1104 (al.
1040 1020 1161 1104 omitt.)
1180 1012 1254 1081 υἱοὶ
1272 1015 1364 1082 θεοῦ
1382 1010 1523 1098 ζῶντος.

329 1157 396 1223 VV.
412 1156 481 1223 LL.
503 1179 526 1215 ω
544 1163 651 1236 ερριθη
673 1159 722 1240 (ut
742 1155 887 1220 Sinait.
914 1155 947 1219 in
971 1180 1056 1220 novo
1082 1159 1174 1241 test.)
1198 1158 1293 1222 codd.
1321 1160 1385 1223 duo
1411 1158 1523 1221 Holm.

243 1276 414 1359 praebent.
431 1315 463 1322 -
478 1298 531 1336 εκει
544 1278 592 1358 (ut
609 1277 771 1358 Paulus)
793 1276 1013 1359 praemittunt
1034 1275 1118 1344 2423
1140 1284 1174 1340 et
1196 1299 1253 1340 sex
1270 1278 1366 1341 codd.
1384 1277 1522 1342 minuso.

244 1395 373 1470 Holm.;
403 1395 502 1458 iidem
526 1394 654 1458 codices
682 1399 728 1479 (et
750 1417 808 1458 sex
828 1403 998 1478 praeterea
1020 1395 1171 1480 minusc.)
1202 1419 1275 1459 cum
1295 1398 1399 1462 Paulo
1425 1399 1525 1461 verba

243 1537 390 1574 nazianzon
409 1514 579 1577 omittunt.
625 1516 764 1597 Propter
783 1518 869 1578 hanc
889 1515 1026 1578 testium
1048 1521 1081 1578 et
1103 1515 1350 1579 multitudinem
1367 1525 1401 1580 et
1416 1516 1523 1599 digni-

243 1641 348 1696 tatem
365 1633 478 1716 negari
494 1657 560 1696 non
575 1633 715 1717 poterit,
740 1633 818 1718 quin
840 1636 1011 1718 apostolus
1033 1633 1212 1698 lectionem
1228 1635 1488 1718 antiquissimam
1506 1658 1524 1699 a

244 1753 402 1818 codiceB
422 1753 631 1816 recedentem
654 1761 786 1816 secutus
807 1754 862 1817 sit.
910 1753 984 1817 Qua
1004 1753 1038 1817 in
1059 1776 1093 1817 re
1110 1754 1250 1818 maxime
1266 1757 1330 1819 hoc
1346 1755 1523 1818 dolendum

244 1880 305 1951 est,
329 1873 416 1955 quod
434 1894 474 1936 ex
494 1872 702 1935 Holmesio
724 1874 764 1936 de
780 1873 924 1936 testibus
941 1896 1015 1936 cum
1032 1874 1104 1937 cod.
1122 1875 1152 1940 B
1168 1874 1366 1939 facientibus
1381 1873 1524 1958 judicari

243 2016 310 2055 non
325 1999 437 2075 potest
445 2017 453 2068 3
481 1993 553 2056 cod.
572 2007 594 2058 t<
611 1993 734 2055 deficit.
770 1993 904 2076 Proprie
919 1991 1022 2076 igitur
1037 1994 1130 2056 locus
1147 2001 1342 2058 nosternon
1357 1994 1421 2058 nisi
1437 1995 1524 2078 quod

243 2113 285 2176 ad
300 2118 431 2175 textum
448 2113 520 2175 cod.
539 2113 568 2178 B
584 2112 677 2176 LXX
693 2113 816 2176 attinet
831 2113 931 2176 tertio
948 2111 1024 2176 huic
1042 2112 1147 2176 ordini
1163 2114 1375 2178 ascribendus
1393 2121 1474 2178 erat.

245 2203 247 2208 ’
328 2232 359 2294 Α
375 2232 483 2295 verbis
505 2232 667 2296 hebraicis
689 2244 775 2323 nnn:
794 2245 866 2324 unu
885 2230 1008 2316 *ur-ut
1030 2227 1096 2324 uu}
1118 2232 1292 2327 num-argu
1314 2234 1422 2328 mppr
1436 2205 1522 2324 ⁴app

243 2347 340 2444 ’νῇ-δὶς
357 2363 405 2446 Ἓξ
422 2346 487 2444 ῠῃξ
504 2351 666 2418 codicisA
680 2359 794 2416 textus
812 2356 857 2436 (et
868 2353 980 2416 Pauli
997 2352 1166 2436 allegatio)
1183 2377 1249 2417 non
1264 2353 1375 2417 nisieo
1386 2353 1522 2432 recedit,

244 2470 332 2553 quod
349 2494 403 2531 εκει
420 2481 496 2535 ante
512 2474 634 2550 κληθησ.
653 2473 854 2556 praemittit;
874 2473 978 2536 codex
993 2473 1022 2538 B
1038 2496 1092 2533 εκει
1108 2472 1250 2551 omittit,
1278 2474 1335 2537 sed
1355 2475 1456 2538 verba
1477 2498 1525 2534 και
1675 2439 1680 2478 ⁸

244 2614 325 2650 αυισι
336 2597 412 2674 post
423 2594 543 2669 κληθησ.
557 2593 661 2656 addit.
684 2592 840 2656 Ceterum
851 2595 912 2656 hoc
923 2592 1037 2676 negari
1052 2614 1118 2656 non
1133 2591 1267 2676 poterit,
1286 2591 1373 2665 ,,εκει“
1389 2593 1473 2657 illud
1483 2595 1528 2656 ad

243 2709 386 2793 apostoli
401 2718 633 2794 argumentum
649 2696 763 2776 melius
779 2713 937 2796 quadrare
954 2735 1050 2794 quam
1067 2719 1198 2776 textum
1214 2712 1414 2777 hebraicum.
1441 2714 1523 2777 Cum

243 2829 329 2893 enim
342 2830 500 2894 Hoseae
516 2833 617 2895 verba
632 2832 761 2915 proprie
772 2835 790 2894 J
794 2833 915 2896 udaeos
931 2832 1050 2896 iterum
1060 2815 1246 2915 ingratiam
1257 2831 1309 2896 dei
1319 2832 1524 2917 recipiendos

242 2949 437 3032 respiciant,
460 2953 583 3015 Paulus
599 2953 672 3015 loco
689 2957 802 3016 nostro
820 2975 893 3016 eum
909 2952 944 3016 in
959 2953 1058 3016 finem
1073 2952 1189 3031 utitur,
1208 2960 1245 3015 ut
1261 2959 1378 3035 gentes
1395 2976 1524 3036 quoque

243 3071 422 3134 secundum
433 3071 608 3156 pristinum
619 3072 672 3136 dei
681 3072 850 3136 arbitrium
862 3073 904 3136 ad
915 3074 1056 3136 salutem
1063 3079 1198 3136 vocatas
1210 3095 1281 3137 esse
1292 3075 1523 3157 comprobet.¹)

733 3330 854 3385 Locus
872 3331 1035 3386 XXXIX.

585 3468 681 3530 Rom.
699 3471 729 3544 9,
748 3469 845 3550 cusq.
863 3467 906 3530 cf.
924 3469 992 3530 Jes.
1012 3471 1062 3544 10,
1081 3472 1178 3551 22sq.

322 3639 475 3731 Ἡσαΐας
497 3645 534 3716 δι’
556 3641 676 3741 κράζει
698 3641 790 3741 ὑπὲρ
816 3645 879 3714 τοῦ
898 3638 1042 3743 Ἰσραήλ
1063 3641 1147 3717 Ἐὰν
1171 3632 1192 3750 ᾗ
1220 3642 1238 3716 ὁ
1263 3643 1426 3744 ἀριθμὸς
1454 3648 1524 3718 τῶν

242 3781 331 3849 αἰών
344 3777 488 3878 Ἰσραήλ
508 3778 556 3867 αις
574 3777 597 3878 ἡ
616 3773 738 3873 ἄμμος
757 3785 820 3876 ιῆς
839 3774 1048 3878 θαλάσσης,
1067 3777 1107 3853 ro
1126 3777 1333 3874 ὑπόλειμμα
1356 3778 1523 3880 σωθήσε-

243 3935 318 3986 ιαι·
347 3911 451 4006 λόγον
467 3921 536 4012 γὰρ
556 3917 734 3988 συντελῶν
752 3915 813 3988 λαὶ
832 3924 1040 4010 συντέμνων
1064 3916 1118 4010 [ἐν
1136 3914 1367 4024 δικαιοσύνῃ,
1388 3914 1444 3991 ὅτι
1466 3917 1523 3990 λό-

243 4079 305 4142 γον
324 4051 628 4150 σσνιειμημένον]
647 4047 792 4152 ποιήσει
808 4049 932 4152 κύριος
950 4055 1008 4124 ἐπὶ
1026 4055 1090 4150 τῆς
1106 4055 1180 4151 γῆς.

329 4307 355 4371 1)
376 4308 518 4359 Praeterea
536 4309 616 4358 verba
629 4313 690 4360 'uun
703 4317 796 4376 hipp:
809 4311 925 4358 fortasse
939 4309 1037 4358 rectius
1050 4310 1180 4360 vertenda
1193 4316 1270 4360 erent
1289 4309 1378 4369 ‚,loco“
1396 4311 1426 4373 (i.
1442 4329 1465 4360 e.
1480 4327 1522 4358 on·

241 4398 304 4440 ιιαιι
317 4391 390 4450 durs:
410 4394 485 4443 Grot.
500 4395 575 4443 Hitz.
591 4394 704 4456 Euald).
741 4398 777 4444 At
790 4411 848 4444 cum
861 4395 959 4456 ubique
976 4393 1043 4442 alias
1060 4395 1086 4445 ‘u
1104 4403 1197 4462 nuptu:
1216 4412 1269 4446 non
1283 4398 1335 4446 nisi
1348 4398 1429 4446 locali
1442 4413 1522 4448 sensu

241 4481 404 4538 inveniatur,
418 4481 530 4530 eundem
544 4481 612 4528 Lxx
626 4482 675 4530 viri
689 4483 770 4530 etium
783 4482 832 4528 hoc
847 4483 905 4528 loco
918 4480 1098 4530 retinuerunt.
