<?xml version="1.0" encoding="UTF-8"?>
<!DOCTYPE html PUBLIC "-//W3C//DTD XHTML 1.0 Transitional//EN"
    "http://www.w3.org/TR/xhtml1/DTD/xhtml1-transitional.dtd">
<html xmlns="http://www.w3.org/1999/xhtml" xml:lang="en" lang="en">
 <head>
  <title>
</title>
<meta http-equiv="Content-Type" content="text/html;charset=utf-8" />
  <meta name='ocr-system' content='tesseract 3.04.00' />
  <meta name='ocr-capabilities' content='ocr_page ocr_carea ocr_par ocr_line ocrx_word'/>
</head>
<body>
  <div class='ocr_page' id='page_1' title='image "./deveteristestam00kautgoog_0028.png"; bbox 0 0 3376 5200; ppageno 0'>
   <div class='ocr_carea' id='block_1_1' title="bbox 205 265 1487 962">
    <p class='ocr_par' dir='ltr' id='par_1_1' title="bbox 205 265 1487 962">
     <span class='ocr_line' id='line_1_1' title="bbox 762 265 930 407; baseline -0.006 -35"><span class='ocrx_word' id='word_1_1' title='bbox 762 265 930 407; x_wconf 54' lang='lat'>421—</span> 
     </span>
     <span class='ocr_line' id='line_1_2' title="bbox 206 513 1486 597; baseline -0.007 -12"><span class='ocrx_word' id='word_1_2' title='bbox 206 520 305 584; x_wconf 88' lang='lat' dir='ltr'>verba</span> <span class='ocrx_word' id='word_1_3' title='bbox 323 542 371 578; x_wconf 84' lang='grc' dir='ltr'>και</span> <span class='ocrx_word' id='word_1_4' title='bbox 379 541 420 578; x_wconf 79' lang='grc' dir='ltr'>τω</span> <span class='ocrx_word' id='word_1_5' title='bbox 429 538 571 597; x_wconf 80' lang='grc' dir='ltr'><em>σπερματι</em></span> <span class='ocrx_word' id='word_1_6' title='bbox 581 538 633 578; x_wconf 86' lang='grc' dir='ltr'>σου</span> <span class='ocrx_word' id='word_1_7' title='bbox 652 537 669 579; x_wconf 88' lang='lat' dir='ltr'>e</span> <span class='ocrx_word' id='word_1_8' title='bbox 685 522 796 578; x_wconf 87' lang='lat' dir='ltr'>vetere</span> <span class='ocrx_word' id='word_1_9' title='bbox 812 519 1013 578; x_wconf 86' lang='lat' dir='ltr'>testamento</span> <span class='ocrx_word' id='word_1_10' title='bbox 1028 514 1174 596; x_wconf 87' lang='lat' dir='ltr'>allegata</span> <span class='ocrx_word' id='word_1_11' title='bbox 1188 521 1276 592; x_wconf 90' lang='lat' dir='ltr'>sunt,</span> <span class='ocrx_word' id='word_1_12' title='bbox 1295 513 1363 576; x_wconf 87' lang='lat' dir='ltr'>sive</span> <span class='ocrx_word' id='word_1_13' title='bbox 1380 535 1396 576; x_wconf 88' lang='lat' dir='ltr'>e</span> <span class='ocrx_word' id='word_1_14' title='bbox 1412 514 1486 576; x_wconf 85' lang='lat' dir='ltr'>loeo</span> 
     </span>
     <span class='ocr_line' id='line_1_3' title="bbox 206 631 1487 717; baseline -0.005 -15"><span class='ocrx_word' id='word_1_15' title='bbox 206 641 288 704; x_wconf 84' lang='lat' dir='ltr'>Gen.</span> <span class='ocrx_word' id='word_1_16' title='bbox 308 642 359 717; x_wconf 84' lang='lat'>13,</span> <span class='ocrx_word' id='word_1_17' title='bbox 378 643 416 702; x_wconf 83' lang='lat'>15</span> <span class='ocrx_word' id='word_1_18' title='bbox 434 636 501 700; x_wconf 89' lang='lat' dir='ltr'>sive</span> <span class='ocrx_word' id='word_1_19' title='bbox 519 639 570 715; x_wconf 83' lang='lat'>17,</span> <span class='ocrx_word' id='word_1_20' title='bbox 589 642 618 701; x_wconf 78' lang='lat'>8.</span> <span class='ocrx_word' id='word_1_21' title='bbox 665 636 751 699; x_wconf 90' lang='lat' dir='ltr'>Nam</span> <span class='ocrx_word' id='word_1_22' title='bbox 773 635 813 697; x_wconf 87' lang='lat' dir='ltr'>de</span> <span class='ocrx_word' id='word_1_23' title='bbox 833 635 906 697; x_wconf 90' lang='lat' dir='ltr'>looo</span> <span class='ocrx_word' id='word_1_24' title='bbox 929 633 1088 717; x_wconf 81' lang='lat' dir='ltr'>parallelo</span> <span class='ocrx_word' id='word_1_25' title='bbox 1112 633 1194 696; x_wconf 84' lang='lat' dir='ltr'>Gen.</span> <span class='ocrx_word' id='word_1_26' title='bbox 1216 638 1266 711; x_wconf 79' lang='lat'>22,</span> <span class='ocrx_word' id='word_1_27' title='bbox 1286 638 1324 697; x_wconf 84' lang='grc'>18</span> <span class='ocrx_word' id='word_1_28' title='bbox 1347 631 1487 716; x_wconf 87' lang='lat' dir='ltr'>eogitari</span> 
     </span>
     <span class='ocr_line' id='line_1_4' title="bbox 205 751 1486 842; baseline -0.005 -20"><span class='ocrx_word' id='word_1_29' title='bbox 205 783 271 823; x_wconf 90' lang='lat' dir='ltr'>non</span> <span class='ocrx_word' id='word_1_30' title='bbox 285 780 381 842; x_wconf 91' lang='lat' dir='ltr'>posse</span> <span class='ocrx_word' id='word_1_31' title='bbox 403 779 478 823; x_wconf 86' lang='lat' dir='ltr'>oum</span> <span class='ocrx_word' id='word_1_32' title='bbox 493 755 941 838; x_wconf 81' lang='lat' dir='ltr'>Tertull.‚·Chrysost.‚</span> <span class='ocrx_word' id='word_1_33' title='bbox 964 753 1036 816; x_wconf 87' lang='lat' dir='ltr'>aliis</span> <span class='ocrx_word' id='word_1_34' title='bbox 1058 751 1239 836; x_wconf 87' lang='lat' dir='ltr'>plerisque,</span> <span class='ocrx_word' id='word_1_35' title='bbox 1262 759 1352 816; x_wconf 84' lang='lat' dir='ltr'>reete</span> <span class='ocrx_word' id='word_1_36' title='bbox 1376 758 1486 816; x_wconf 87' lang='lat' dir='ltr'>osten-</span> 
     </span>
     <span class='ocr_line' id='line_1_5' title="bbox 205 873 1485 962; baseline -0.005 -20"><span class='ocrx_word' id='word_1_37' title='bbox 205 879 254 942; x_wconf 93' lang='lat' dir='ltr'>dit</span> <span class='ocrx_word' id='word_1_38' title='bbox 276 879 428 962; x_wconf 83' lang='lat' dir='ltr'>Meyer,</span> <span class='ocrx_word' id='word_1_39' title='bbox 453 877 568 940; x_wconf 77' lang='lat' dir='ltr'>Komm.</span> <span class='ocrx_word' id='word_1_40' title='bbox 586 875 659 938; x_wconf 72' lang='lat' dir='ltr'>dher</span> <span class='ocrx_word' id='word_1_41' title='bbox 675 877 704 938; x_wconf 84' lang='lat' dir='ltr'>d.</span> <span class='ocrx_word' id='word_1_42' title='bbox 724 876 782 937; x_wconf 84' lang='lat' dir='ltr'>Br.</span> <span class='ocrx_word' id='word_1_43' title='bbox 806 897 845 935; x_wconf 79' lang='lat' dir='ltr'>aa</span> <span class='ocrx_word' id='word_1_44' title='bbox 869 873 918 936; x_wconf 81' lang='lat' dir='ltr'>die</span> <span class='ocrx_word' id='word_1_45' title='bbox 938 874 1009 936; x_wconf 81' lang='lat' dir='ltr'>Gal.</span> <span class='ocrx_word' id='word_1_46' title='bbox 1029 896 1062 956; x_wconf 90' lang='lat' dir='ltr'>p.</span> <span class='ocrx_word' id='word_1_47' title='bbox 1081 876 1153 937; x_wconf 76' lang='lat'>134.</span> <span class='ocrx_word' id='word_1_48' title='bbox 1199 873 1241 936; x_wconf 90' lang='lat' dir='ltr'>In</span> <span class='ocrx_word' id='word_1_49' title='bbox 1256 879 1396 954; x_wconf 86' lang='lat' dir='ltr'>utroque</span> <span class='ocrx_word' id='word_1_50' title='bbox 1411 873 1485 935; x_wconf 83' lang='lat' dir='ltr'>loco</span> 
     </span>
    </p>
   </div>
   <div class='ocr_carea' id='block_1_2' title="bbox 204 988 1485 1199">
    <p class='ocr_par' dir='ltr' id='par_1_2' title="bbox 204 988 1485 1199">
     <span class='ocr_line' id='line_1_6' title="bbox 204 988 1485 1088; baseline -0.006 -26"><span class='ocrx_word' id='word_1_51' title='bbox 204 999 262 1062; x_wconf 89' lang='lat' dir='ltr'>illo</span> <span class='ocrx_word' id='word_1_52' title='bbox 279 997 431 1062; x_wconf 83' lang='lat' dir='ltr'>hebraice</span> <span class='ocrx_word' id='word_1_53' title='bbox 447 995 571 1080; x_wconf 90' lang='lat' dir='ltr'>legitur</span> <span class='ocrx_word' id='word_1_54' title='bbox 586 988 711 1088; x_wconf 55' lang='grc' dir='ltr'>ῆξᾏῑξῆ.</span> <span class='ocrx_word' id='word_1_55' title='bbox 758 993 1002 1056; x_wconf 74' lang='lat' dir='ltr'>Difficultatem</span> <span class='ocrx_word' id='word_1_56' title='bbox 1024 999 1133 1056; x_wconf 85' lang='lat' dir='ltr'>autom</span> <span class='ocrx_word' id='word_1_57' title='bbox 1157 991 1252 1055; x_wconf 89' lang='lat' dir='ltr'>huius</span> <span class='ocrx_word' id='word_1_58' title='bbox 1275 991 1485 1074; x_wconf 68' lang='lat' dir='ltr'>allegationis</span> 
     </span>
     <span class='ocr_line' id='line_1_7' title="bbox 204 1077 1332 1199; baseline -0.007 -17"><span class='ocrx_word' id='word_1_59' title='bbox 204 1141 269 1182; x_wconf 91' lang='lat' dir='ltr'>non</span> <span class='ocrx_word' id='word_1_60' title='bbox 285 1117 319 1181; x_wconf 89' lang='lat' dir='ltr'>in</span> <span class='ocrx_word' id='word_1_61' title='bbox 334 1116 443 1181; x_wconf 90' lang='lat' dir='ltr'>verbis</span> <span class='ocrx_word' id='word_1_62' title='bbox 459 1115 601 1199; x_wconf 90' lang='lat' dir='ltr'>positam</span> <span class='ocrx_word' id='word_1_63' title='bbox 618 1077 688 1178; x_wconf 85' lang='lat' dir='ltr'>esse</span> <span class='ocrx_word' id='word_1_64' title='bbox 705 1113 811 1177; x_wconf 88' lang='lat' dir='ltr'>sedin</span> <span class='ocrx_word' id='word_1_65' title='bbox 828 1119 1023 1196; x_wconf 89' lang='lat' dir='ltr'>argumento</span> <span class='ocrx_word' id='word_1_66' title='bbox 1030 1161 1040 1190; x_wconf 88' lang='lat'><em>‚</em></span> <span class='ocrx_word' id='word_1_67' title='bbox 1061 1134 1119 1195; x_wconf 90' lang='lat' dir='ltr'>per</span> <span class='ocrx_word' id='word_1_68' title='bbox 1136 1134 1169 1175; x_wconf 87' lang='lat' dir='ltr'>se</span> <span class='ocrx_word' id='word_1_69' title='bbox 1186 1119 1332 1195; x_wconf 86' lang='lat' dir='ltr'>apparet.</span> 
     </span>
    </p>
   </div>
   <div class='ocr_carea' id='block_1_3' title="bbox 620 1351 1068 1637">
    <p class='ocr_par' dir='ltr' id='par_1_3' title="bbox 620 1351 1068 1637">
     <span class='ocr_line' id='line_1_8' title="bbox 704 1351 984 1460; baseline 0 0"><span class='ocrx_word' id='word_1_70' title='bbox 704 1351 825 1460; x_wconf 75' lang='lat' dir='ltr'>Ledus</span> <span class='ocrx_word' id='word_1_71' title='bbox 846 1404 984 1460; x_wconf 80' lang='lat' dir='ltr'>xxm.</span> 
     </span>
     <span class='ocr_line' id='line_1_9' title="bbox 620 1557 1068 1637; baseline -0.002 -16"><span class='ocrx_word' id='word_1_72' title='bbox 620 1558 695 1621; x_wconf 85' lang='lat' dir='ltr'>Gal.</span> <span class='ocrx_word' id='word_1_73' title='bbox 714 1563 744 1637; x_wconf 78' lang='lat'>4,</span> <span class='ocrx_word' id='word_1_74' title='bbox 764 1559 802 1622; x_wconf 81' lang='lat'>27</span> <span class='ocrx_word' id='word_1_75' title='bbox 821 1557 863 1620; x_wconf 79' lang='lat' dir='ltr'>of.</span> <span class='ocrx_word' id='word_1_76' title='bbox 881 1558 949 1621; x_wconf 84' lang='lat' dir='ltr'>Jes.</span> <span class='ocrx_word' id='word_1_77' title='bbox 968 1561 1019 1636; x_wconf 78' lang='lat'>54,</span> <span class='ocrx_word' id='word_1_78' title='bbox 1039 1562 1068 1622; x_wconf 87' lang='lat'>1.</span> 
     </span>
    </p>
   </div>
   <div class='ocr_carea' id='block_1_4' title="bbox 203 1763 1485 2004">
    <p class='ocr_par' dir='ltr' id='par_1_4' title="bbox 203 1751 1485 2004">
     <span class='ocr_line' id='line_1_10' title="bbox 288 1763 1485 1870; baseline -0.004 -27"><span class='ocrx_word' id='word_1_79' title='bbox 288 1766 496 1869; x_wconf 76' lang='grc' dir='ltr'><em>Γέγραπται</em></span> <span class='ocrx_word' id='word_1_80' title='bbox 516 1765 583 1870; x_wconf 79' lang='grc' dir='ltr'>γάρ</span> <span class='ocrx_word' id='word_1_81' title='bbox 608 1763 854 1869; x_wconf 73' lang='grc' dir='ltr'><em>Εὐφράνθηῑι</em></span> <span class='ocrx_word' id='word_1_82' title='bbox 881 1780 1004 1865; x_wconf 75' lang='grc' dir='ltr'><em>στεῖρα</em></span> <span class='ocrx_word' id='word_1_83' title='bbox 1032 1766 1055 1866; x_wconf 74' lang='grc' dir='ltr'><em>ἡ</em></span> <span class='ocrx_word' id='word_1_84' title='bbox 1086 1766 1128 1839; x_wconf 81' lang='grc' dir='ltr'>οὐ</span> <span class='ocrx_word' id='word_1_85' title='bbox 1158 1771 1346 1852; x_wconf 73' lang='grc' dir='ltr'><em>αίκτουσα,</em></span> <span class='ocrx_word' id='word_1_86' title='bbox 1376 1769 1485 1866; x_wconf 67' lang='grc' dir='ltr'><em>ῥῆξον</em></span> 
     </span>
     <span class='ocr_line' id='line_1_11' title="bbox 203 1899 1483 2004; baseline -0.003 -24"><span class='ocrx_word' id='word_1_87' title='bbox 203 1911 263 1980; x_wconf 87' lang='grc' dir='ltr'>καὶ</span> <span class='ocrx_word' id='word_1_88' title='bbox 289 1903 426 2004; x_wconf 73' lang='grc' dir='ltr'>βόησον</span> <span class='ocrx_word' id='word_1_89' title='bbox 455 1904 478 2003; x_wconf 77' lang='grc' dir='ltr'><em>ἡ</em></span> <span class='ocrx_word' id='word_1_90' title='bbox 507 1903 572 1978; x_wconf 80' lang='grc' dir='ltr'>οὐκ</span> <span class='ocrx_word' id='word_1_91' title='bbox 601 1903 801 1992; x_wconf 78' lang='grc' dir='ltr'><em>ὠδίνουσα,</em></span> <span class='ocrx_word' id='word_1_92' title='bbox 832 1901 887 1977; x_wconf 75' lang='grc' dir='ltr'>ὅτι</span> <span class='ocrx_word' id='word_1_93' title='bbox 915 1907 1031 1978; x_wconf 80' lang='grc' dir='ltr'><em>πολλὰ</em></span> <span class='ocrx_word' id='word_1_94' title='bbox 1058 1900 1101 1976; x_wconf 82' lang='lat' dir='ltr'>soi</span> <span class='ocrx_word' id='word_1_95' title='bbox 1130 1899 1236 1975; x_wconf 73' lang='grc' dir='ltr'><em>τέκνα</em></span> <span class='ocrx_word' id='word_1_96' title='bbox 1259 1907 1323 2000; x_wconf 68' lang='grc' dir='ltr'>τῆς</span> <span class='ocrx_word' id='word_1_97' title='bbox 1346 1899 1483 2002; x_wconf 68' lang='grc' dir='ltr'><strong><em>ἐρήμου</em></strong></span> 
     </span>
    </p>
   </div>
   <div class='ocr_carea' id='block_1_5' title="bbox 201 2037 878 2139">
    <p class='ocr_par' dir='ltr' id='par_1_5' title="bbox 201 2037 878 2139">
     <span class='ocr_line' id='line_1_12' title="bbox 201 2037 878 2139; baseline -0.003 -25"><span class='ocrx_word' id='word_1_98' title='bbox 201 2044 340 2136; x_wconf 73' lang='grc' dir='ltr'><strong>μᾶλλον</strong></span> <span class='ocrx_word' id='word_1_99' title='bbox 372 2037 396 2138; x_wconf 80' lang='grc' dir='ltr'><em>ἢ</em></span> <span class='ocrx_word' id='word_1_100' title='bbox 415 2044 479 2139; x_wconf 68' lang='grc' dir='ltr'>τῆς</span> <span class='ocrx_word' id='word_1_101' title='bbox 498 2037 650 2137; x_wconf 81' lang='grc' dir='ltr'><strong><em>ἐχούσης</em></strong></span> <span class='ocrx_word' id='word_1_102' title='bbox 669 2037 731 2112; x_wconf 78' lang='grc' dir='ltr'>τόν</span> <span class='ocrx_word' id='word_1_103' title='bbox 750 2037 878 2137; x_wconf 75' lang='grc' dir='ltr'><em>ἄνδρα.</em></span> 
     </span>
    </p>
   </div>
   <div class='ocr_carea' id='block_1_6' title="bbox 286 2221 1483 2304">
    <p class='ocr_par' dir='ltr' id='par_1_6' title="bbox 286 2221 1483 2304">
     <span class='ocr_line' id='line_1_13' title="bbox 286 2221 1483 2304; baseline -0.001 -13"><span class='ocrx_word' id='word_1_104' title='bbox 286 2225 354 2291; x_wconf 79' lang='lat' dir='ltr'>W.</span> <span class='ocrx_word' id='word_1_105' title='bbox 368 2225 435 2290; x_wconf 79' lang='lat' dir='ltr'>LL.</span> <span class='ocrx_word' id='word_1_106' title='bbox 458 2221 596 2286; x_wconf 81' lang='lat' dir='ltr'>Codices</span> <span class='ocrx_word' id='word_1_107' title='bbox 606 2221 727 2289; x_wconf 72' lang='lat' dir='ltr'>DEFG</span> <span class='ocrx_word' id='word_1_108' title='bbox 742 2222 902 2304; x_wconf 76' lang='lat' dir='ltr'>praebent</span> <span class='ocrx_word' id='word_1_109' title='bbox 917 2243 957 2298; x_wconf 83' lang='grc' dir='ltr'>μη</span> <span class='ocrx_word' id='word_1_110' title='bbox 970 2244 1028 2304; x_wconf 94' lang='lat' dir='ltr'>pro</span> <span class='ocrx_word' id='word_1_111' title='bbox 1046 2243 1079 2282; x_wconf 88' lang='lat' dir='ltr'>ov</span> <span class='ocrx_word' id='word_1_112' title='bbox 1101 2229 1216 2286; x_wconf 86' lang='lat' dir='ltr'>eontra</span> <span class='ocrx_word' id='word_1_113' title='bbox 1232 2223 1381 2286; x_wconf 82' lang='lat' dir='ltr'>codicum</span> <span class='ocrx_word' id='word_1_114' title='bbox 1398 2222 1483 2290; x_wconf 59' lang='lat' dir='ltr'>&amp;AB</span> 
     </span>
    </p>
   </div>
   <div class='ocr_carea' id='block_1_7' title="bbox 201 2366 408 2409">
    <p class='ocr_par' dir='ltr' id='par_1_7' title="bbox 201 2366 408 2409">
     <span class='ocr_line' id='line_1_14' title="bbox 201 2366 408 2409; baseline -0.019 0"><span class='ocrx_word' id='word_1_115' title='bbox 201 2366 408 2409; x_wconf 66' lang='lat' dir='ltr'>eonsensum.</span> 
     </span>
    </p>
   </div>
   <div class='ocr_carea' id='block_1_8' title="bbox 286 2493 1482 2578">
    <p class='ocr_par' dir='ltr' id='par_1_8' title="bbox 286 2493 1482 2578">
     <span class='ocr_line' id='line_1_15' title="bbox 286 2493 1482 2578; baseline -0.004 -14"><span class='ocrx_word' id='word_1_116' title='bbox 286 2499 396 2566; x_wconf 78' lang='lat' dir='ltr'>LXX.</span> <span class='ocrx_word' id='word_1_117' title='bbox 433 2498 526 2561; x_wconf 87' lang='lat' dir='ltr'>Idem</span> <span class='ocrx_word' id='word_1_118' title='bbox 549 2503 674 2564; x_wconf 85' lang='lat' dir='ltr'>textus.</span> <span class='ocrx_word' id='word_1_119' title='bbox 714 2495 829 2559; x_wconf 86' lang='lat' dir='ltr'>Codex</span> <span class='ocrx_word' id='word_1_120' title='bbox 843 2497 918 2564; x_wconf 88' lang='lat' dir='ltr'>XII</span> <span class='ocrx_word' id='word_1_121' title='bbox 940 2494 981 2558; x_wconf 89' lang='lat' dir='ltr'>ad</span> <span class='ocrx_word' id='word_1_122' title='bbox 1003 2493 1182 2578; x_wconf 85' lang='lat' dir='ltr'>marginem</span> <span class='ocrx_word' id='word_1_123' title='bbox 1198 2501 1275 2578; x_wconf 89' lang='lat' dir='ltr'>post</span> <span class='ocrx_word' id='word_1_124' title='bbox 1294 2497 1397 2576; x_wconf 75' lang='grc' dir='ltr'>βοησον</span> <span class='ocrx_word' id='word_1_125' title='bbox 1421 2499 1482 2560; x_wconf 87' lang='lat' dir='ltr'>sub</span> 
     </span>
    </p>
   </div>
   <div class='ocr_carea' id='block_1_9' title="bbox 200 2593 1482 3774">
    <p class='ocr_par' dir='ltr' id='par_1_9' title="bbox 200 2593 1482 3774">
     <span class='ocr_line' id='line_1_16' title="bbox 201 2593 1482 2698; baseline 0 -16"><span class='ocrx_word' id='word_1_126' title='bbox 201 2617 359 2682; x_wconf 86' lang='lat' dir='ltr'>asterisoo</span> <span class='ocrx_word' id='word_1_127' title='bbox 380 2617 473 2681; x_wconf 88' lang='lat' dir='ltr'>addit</span> <span class='ocrx_word' id='word_1_128' title='bbox 498 2641 546 2677; x_wconf 84' lang='grc' dir='ltr'>και</span> <span class='ocrx_word' id='word_1_129' title='bbox 571 2593 698 2696; x_wconf 81' lang='grc' dir='ltr'>τεραοαΙ</span> <span class='ocrx_word' id='word_1_130' title='bbox 736 2615 829 2678; x_wconf 88' lang='lat' dir='ltr'>Idem</span> <span class='ocrx_word' id='word_1_131' title='bbox 861 2613 1122 2678; x_wconf 89' lang='lat' dir='ltr'>additamentum</span> <span class='ocrx_word' id='word_1_132' title='bbox 1152 2616 1312 2698; x_wconf 88' lang='lat' dir='ltr'>praebent</span> <span class='ocrx_word' id='word_1_133' title='bbox 1342 2617 1414 2680; x_wconf 86' lang='lat' dir='ltr'>eod.</span> <span class='ocrx_word' id='word_1_134' title='bbox 1441 2613 1482 2682; x_wconf 83' lang='grc'>23</span> 
     </span>
     <span class='ocr_line' id='line_1_17' title="bbox 202 2734 1480 2820; baseline 0 -22"><span class='ocrx_word' id='word_1_135' title='bbox 202 2737 581 2820; x_wconf 67' lang='lat' dir='ltr'>(Venas-Marcion.</span> <span class='ocrx_word' id='word_1_136' title='bbox 599 2736 754 2810; x_wconf 89' lang='lat' dir='ltr'>maiuso.;</span> <span class='ocrx_word' id='word_1_137' title='bbox 780 2734 853 2798; x_wconf 87' lang='lat' dir='ltr'>vide</span> <span class='ocrx_word' id='word_1_138' title='bbox 869 2735 1108 2817; x_wconf 84' lang='lat' dir='ltr'>praefationem</span> <span class='ocrx_word' id='word_1_139' title='bbox 1123 2739 1281 2819; x_wconf 80' lang='lat' dir='ltr'>nostram)</span> <span class='ocrx_word' id='word_1_140' title='bbox 1305 2743 1339 2798; x_wconf 91' lang='lat' dir='ltr'>et</span> <span class='ocrx_word' id='word_1_141' title='bbox 1355 2743 1480 2818; x_wconf 77' lang='lat' dir='ltr'>septem</span> 
     </span>
     <span class='ocr_line' id='line_1_18' title="bbox 202 2853 1480 2920; baseline -0.001 -1"><span class='ocrx_word' id='word_1_142' title='bbox 202 2857 298 2919; x_wconf 83' lang='lat' dir='ltr'>codd.</span> <span class='ocrx_word' id='word_1_143' title='bbox 323 2855 459 2919; x_wconf 82' lang='lat' dir='ltr'>minusa.</span> <span class='ocrx_word' id='word_1_144' title='bbox 484 2856 633 2918; x_wconf 86' lang='lat' dir='ltr'>Holmes.</span> <span class='ocrx_word' id='word_1_145' title='bbox 668 2854 823 2917; x_wconf 90' lang='lat' dir='ltr'>Omnium</span> <span class='ocrx_word' id='word_1_146' title='bbox 846 2853 934 2918; x_wconf 89' lang='lat' dir='ltr'>idem</span> <span class='ocrx_word' id='word_1_147' title='bbox 955 2855 1029 2917; x_wconf 85' lang='lat' dir='ltr'>l&#39;ons</span> <span class='ocrx_word' id='word_1_148' title='bbox 1045 2863 1127 2918; x_wconf 88' lang='lat' dir='ltr'>erat.</span> <span class='ocrx_word' id='word_1_149' title='bbox 1167 2857 1276 2919; x_wconf 79' lang='lat' dir='ltr'>Docet</span> <span class='ocrx_word' id='word_1_150' title='bbox 1292 2854 1379 2920; x_wconf 88' lang='lat' dir='ltr'>enim</span> <span class='ocrx_word' id='word_1_151' title='bbox 1394 2863 1480 2918; x_wconf 87' lang='lat' dir='ltr'>ast-e·</span> 
     </span>
     <span class='ocr_line' id='line_1_19' title="bbox 201 2973 1482 3057; baseline -0.002 -18"><span class='ocrx_word' id='word_1_152' title='bbox 201 2975 305 3040; x_wconf 77' lang='lat' dir='ltr'>riscus</span> <span class='ocrx_word' id='word_1_153' title='bbox 330 2975 361 3038; x_wconf 92' lang='lat' dir='ltr'>in</span> <span class='ocrx_word' id='word_1_154' title='bbox 389 2974 461 3038; x_wconf 87' lang='lat' dir='ltr'>eod.</span> <span class='ocrx_word' id='word_1_155' title='bbox 484 2975 559 3041; x_wconf 87' lang='lat' dir='ltr'>XII</span> <span class='ocrx_word' id='word_1_156' title='bbox 583 2974 625 3037; x_wconf 91' lang='lat' dir='ltr'>ad</span> <span class='ocrx_word' id='word_1_157' title='bbox 649 2973 831 3057; x_wconf 87' lang='lat' dir='ltr'>marginem</span> <span class='ocrx_word' id='word_1_158' title='bbox 855 2974 963 3038; x_wconf 88' lang='lat' dir='ltr'>verbis</span> <span class='ocrx_word' id='word_1_159' title='bbox 988 2998 1035 3035; x_wconf 83' lang='grc' dir='ltr'>και</span> <span class='ocrx_word' id='word_1_160' title='bbox 1057 2998 1163 3054; x_wconf 78' lang='grc' dir='ltr'><strong><em>τερπου</em></strong></span> <span class='ocrx_word' id='word_1_161' title='bbox 1188 2975 1337 3054; x_wconf 86' lang='lat' dir='ltr'>additus,</span> <span class='ocrx_word' id='word_1_162' title='bbox 1369 2975 1482 3039; x_wconf 84' lang='lat' dir='ltr'>eadem</span> 
     </span>
     <span class='ocr_line' id='line_1_20' title="bbox 200 3093 1482 3179; baseline -0.001 -19"><span class='ocrx_word' id='word_1_163' title='bbox 200 3097 301 3160; x_wconf 85' lang='lat' dir='ltr'>verba</span> <span class='ocrx_word' id='word_1_164' title='bbox 316 3095 349 3159; x_wconf 95' lang='lat' dir='ltr'>in</span> <span class='ocrx_word' id='word_1_165' title='bbox 366 3094 515 3179; x_wconf 84' lang='lat' dir='ltr'>hexaplis</span> <span class='ocrx_word' id='word_1_166' title='bbox 532 3093 689 3158; x_wconf 75' lang='lat' dir='ltr'>asterisco</span> <span class='ocrx_word' id='word_1_167' title='bbox 706 3100 822 3157; x_wconf 89' lang='lat' dir='ltr'>notata</span> <span class='ocrx_word' id='word_1_168' title='bbox 837 3093 950 3157; x_wconf 83' lang='lat' dir='ltr'>fuisse.</span> <span class='ocrx_word' id='word_1_169' title='bbox 990 3094 1153 3176; x_wconf 88' lang='lat' dir='ltr'>Videntur</span> <span class='ocrx_word' id='word_1_170' title='bbox 1174 3103 1286 3158; x_wconf 89' lang='lat' dir='ltr'>autem</span> <span class='ocrx_word' id='word_1_171' title='bbox 1302 3096 1482 3159; x_wconf 84' lang='lat' dir='ltr'>secundum</span> 
     </span>
     <span class='ocr_line' id='line_1_21' title="bbox 202 3213 1482 3298; baseline 0 -20"><span class='ocrx_word' id='word_1_172' title='bbox 202 3215 572 3280; x_wconf 79' lang='lat' dir='ltr'>Montefaloonium</span> <span class='ocrx_word' id='word_1_173' title='bbox 598 3237 614 3278; x_wconf 97' lang='lat' dir='ltr'>e</span> <span class='ocrx_word' id='word_1_174' title='bbox 639 3213 925 3278; x_wconf 78' lang='lat' dir='ltr'>Theodotione</span> <span class='ocrx_word' id='word_1_175' title='bbox 950 3214 1092 3298; x_wconf 89' lang='lat' dir='ltr'>repetita</span> <span class='ocrx_word' id='word_1_176' title='bbox 1117 3237 1204 3293; x_wconf 88' lang='lat' dir='ltr'>esse,</span> <span class='ocrx_word' id='word_1_177' title='bbox 1231 3215 1372 3279; x_wconf 87' lang='lat' dir='ltr'>fortasse</span> <span class='ocrx_word' id='word_1_178' title='bbox 1394 3216 1482 3298; x_wconf 91' lang='lat' dir='ltr'>quod</span> 
     </span>
     <span class='ocr_line' id='line_1_22' title="bbox 200 3333 1481 3418; baseline -0.002 -19"><span class='ocrx_word' id='word_1_179' title='bbox 200 3359 265 3399; x_wconf 85' lang='lat' dir='ltr'>vox</span> <span class='ocrx_word' id='word_1_180' title='bbox 289 3335 443 3399; x_wconf 86' lang='lat' dir='ltr'>hebraica</span> <span class='ocrx_word' id='word_1_181' title='bbox 467 3347 523 3402; x_wconf 57' lang='lat' dir='ltr'>run</span> <span class='ocrx_word' id='word_1_182' title='bbox 547 3333 710 3418; x_wconf 87' lang='lat' dir='ltr'>propriam</span> <span class='ocrx_word' id='word_1_183' title='bbox 735 3334 988 3398; x_wconf 66' lang='lat' dir='ltr'>translationem</span> <span class='ocrx_word' id='word_1_184' title='bbox 1008 3334 1171 3418; x_wconf 88' lang='lat' dir='ltr'>requirere</span> <span class='ocrx_word' id='word_1_185' title='bbox 1193 3335 1382 3414; x_wconf 88' lang='lat' dir='ltr'>videbatur,</span> <span class='ocrx_word' id='word_1_186' title='bbox 1408 3358 1481 3397; x_wconf 87' lang='lat' dir='ltr'>oum</span> 
     </span>
     <span class='ocr_line' id='line_1_23' title="bbox 200 3453 1481 3534; baseline 0.001 -19"><span class='ocrx_word' id='word_1_187' title='bbox 200 3454 284 3534; x_wconf 73' lang='grc' dir='ltr'><em>ρηξοα</em></span> <span class='ocrx_word' id='word_1_188' title='bbox 308 3477 374 3517; x_wconf 92' lang='lat' dir='ltr'>non</span> <span class='ocrx_word' id='word_1_189' title='bbox 395 3453 458 3516; x_wconf 90' lang='lat' dir='ltr'>nisi</span> <span class='ocrx_word' id='word_1_190' title='bbox 479 3453 633 3516; x_wconf 83' lang='lat' dir='ltr'>hebraico</span> <span class='ocrx_word' id='word_1_191' title='bbox 651 3463 734 3519; x_wconf 52' lang='lat' dir='ltr'>anun</span> <span class='ocrx_word' id='word_1_192' title='bbox 751 3455 976 3534; x_wconf 88' lang='lat' dir='ltr'>responderet.</span> <span class='ocrx_word' id='word_1_193' title='bbox 1016 3453 1369 3517; x_wconf 84' lang='lat' dir='ltr'>Montefaloonius</span> <span class='ocrx_word' id='word_1_194' title='bbox 1395 3453 1481 3517; x_wconf 91' lang='lat' dir='ltr'>enim</span> 
     </span>
     <span class='ocr_line' id='line_1_24' title="bbox 201 3570 1482 3655; baseline 0 -21"><span class='ocrx_word' id='word_1_195' title='bbox 201 3574 236 3655; x_wconf 85' lang='lat' dir='ltr'>(l.</span> <span class='ocrx_word' id='word_1_196' title='bbox 259 3572 282 3633; x_wconf 91' lang='lat' dir='ltr'>l.</span> <span class='ocrx_word' id='word_1_197' title='bbox 306 3571 343 3633; x_wconf 88' lang='lat' dir='ltr'>Il</span> <span class='ocrx_word' id='word_1_198' title='bbox 366 3594 399 3653; x_wconf 89' lang='lat' dir='ltr'>p.</span> <span class='ocrx_word' id='word_1_199' title='bbox 419 3572 491 3650; x_wconf 81' lang='grc'>176)</span> <span class='ocrx_word' id='word_1_200' title='bbox 517 3572 598 3633; x_wconf 79' lang='lat' dir='ltr'>haee</span> <span class='ocrx_word' id='word_1_201' title='bbox 623 3571 895 3634; x_wconf 77' lang='lat' dir='ltr'>Theodotioni</span> <span class='ocrx_word' id='word_1_202' title='bbox 920 3571 1053 3634; x_wconf 89' lang='lat' dir='ltr'>tribuit:</span> <span class='ocrx_word' id='word_1_203' title='bbox 1089 3570 1173 3650; x_wconf 78' lang='grc' dir='ltr'><strong><em>ρηξον</em></strong></span> <span class='ocrx_word' id='word_1_204' title='bbox 1195 3594 1370 3652; x_wconf 67' lang='lat' dir='ltr'>supponam</span> <span class='ocrx_word' id='word_1_205' title='bbox 1392 3586 1412 3630; x_wconf 82' lang='lat'><strong>*</strong></span> <span class='ocrx_word' id='word_1_206' title='bbox 1434 3597 1482 3634; x_wconf 84' lang='grc' dir='ltr'>και</span> 
     </span>
     <span class='ocr_line' id='line_1_25' title="bbox 200 3687 1285 3774; baseline 0.002 -23"><span class='ocrx_word' id='word_1_207' title='bbox 200 3712 306 3770; x_wconf 80' lang='grc' dir='ltr'><em>τερπου</em></span> <span class='ocrx_word' id='word_1_208' title='bbox 330 3687 483 3772; x_wconf 88' lang='lat' dir='ltr'>(Aquil.</span> <span class='ocrx_word' id='word_1_209' title='bbox 505 3695 539 3752; x_wconf 88' lang='lat' dir='ltr'>et</span> <span class='ocrx_word' id='word_1_210' title='bbox 555 3691 697 3773; x_wconf 83' lang='lat' dir='ltr'>Symm.</span> <span class='ocrx_word' id='word_1_211' title='bbox 721 3712 779 3772; x_wconf 90' lang='lat' dir='ltr'>pro</span> <span class='ocrx_word' id='word_1_212' title='bbox 795 3711 902 3769; x_wconf 80' lang='grc' dir='ltr'><em>τεραον</em></span> <span class='ocrx_word' id='word_1_213' title='bbox 924 3691 1085 3774; x_wconf 87' lang='lat' dir='ltr'>praebent</span> <span class='ocrx_word' id='word_1_214' title='bbox 1100 3695 1285 3774; x_wconf 76' lang='grc' dir='ltr'>χρεμετισον).</span> 
     </span>
    </p>
   </div>
   <div class='ocr_carea' id='block_1_10' title="bbox 200 3839 1482 4307">
    <p class='ocr_par' dir='ltr' id='par_1_10' title="bbox 285 3839 1482 4063">
     <span class='ocr_line' id='line_1_26' title="bbox 285 3839 1482 3940; baseline 0.005 -6"><span class='ocrx_word' id='word_1_215' title='bbox 285 3846 396 3914; x_wconf 70' lang='lat' dir='ltr'>flur·</span> <span class='ocrx_word' id='word_1_216' title='bbox 420 3841 609 3937; x_wconf 56' lang='lat' dir='ltr'>naalma</span> <span class='ocrx_word' id='word_1_217' title='bbox 625 3854 755 3928; x_wconf 59' lang='lat' dir='ltr'>auu</span> <span class='ocrx_word' id='word_1_218' title='bbox 770 3840 838 3936; x_wconf 67' lang='lat' dir='ltr'>aa</span> <span class='ocrx_word' id='word_1_219' title='bbox 853 3841 894 3912; x_wconf 66' lang='lat'>²⁴⁵</span> <span class='ocrx_word' id='word_1_220' title='bbox 910 3839 1004 3938; x_wconf 55' lang='lat' dir='ltr'>*aar</span> <span class='ocrx_word' id='word_1_221' title='bbox 1020 3857 1077 3935; x_wconf 60' lang='lat' dir='ltr'>aa</span> <span class='ocrx_word' id='word_1_222' title='bbox 1093 3839 1272 3938; x_wconf 59' lang='lat' dir='ltr'>*aaron</span> <span class='ocrx_word' id='word_1_223' title='bbox 1285 3840 1482 3940; x_wconf 55' lang='lat' dir='ltr'>*barasa</span> 
     </span>
     <span class='ocr_line' id='line_1_27' title="bbox 1288 3960 1482 4063; baseline 0.015 -32"><span class='ocrx_word' id='word_1_224' title='bbox 1288 3960 1391 4063; x_wconf 53' lang='lat' dir='ltr'>apag</span> <span class='ocrx_word' id='word_1_225' title='bbox 1405 3978 1482 4062; x_wconf 60' lang='lat' dir='ltr'>arpa</span> 
     </span>
    </p>

    <p class='ocr_par' dir='ltr' id='par_1_11' title="bbox 200 4100 1481 4307">
     <span class='ocr_line' id='line_1_28' title="bbox 286 4100 1481 4194; baseline 0.005 -30"><span class='ocrx_word' id='word_1_226' title='bbox 286 4100 414 4164; x_wconf 76' lang='lat' dir='ltr'>Quibus</span> <span class='ocrx_word' id='word_1_227' title='bbox 439 4101 547 4164; x_wconf 88' lang='lat' dir='ltr'>verbis</span> <span class='ocrx_word' id='word_1_228' title='bbox 571 4103 668 4166; x_wconf 81' lang='lat' dir='ltr'>LXX</span> <span class='ocrx_word' id='word_1_229' title='bbox 692 4101 752 4166; x_wconf 91' lang='lat' dir='ltr'>viri</span> <span class='ocrx_word' id='word_1_230' title='bbox 777 4104 860 4166; x_wconf 84' lang='lat' dir='ltr'>bone</span> <span class='ocrx_word' id='word_1_231' title='bbox 885 4104 1102 4186; x_wconf 88' lang='lat' dir='ltr'>respondent,</span> <span class='ocrx_word' id='word_1_232' title='bbox 1132 4103 1195 4168; x_wconf 91' lang='lat' dir='ltr'>nisi</span> <span class='ocrx_word' id='word_1_233' title='bbox 1219 4105 1307 4188; x_wconf 92' lang='lat' dir='ltr'>quod</span> <span class='ocrx_word' id='word_1_234' title='bbox 1331 4115 1390 4194; x_wconf 55' lang='lat' dir='ltr'>opp</span> <span class='ocrx_word' id='word_1_235' title='bbox 1415 4129 1481 4170; x_wconf 89' lang='lat' dir='ltr'>non</span> 
     </span>
     <span class='ocr_line' id='line_1_29' title="bbox 200 4220 1480 4307; baseline 0.003 -23"><span class='ocrx_word' id='word_1_236' title='bbox 200 4227 312 4303; x_wconf 89' lang='lat' dir='ltr'>aperte</span> <span class='ocrx_word' id='word_1_237' title='bbox 334 4220 499 4283; x_wconf 89' lang='lat' dir='ltr'>redditum</span> <span class='ocrx_word' id='word_1_238' title='bbox 524 4228 575 4284; x_wconf 90' lang='lat' dir='ltr'>est</span> <span class='ocrx_word' id='word_1_239' title='bbox 583 4246 592 4297; x_wconf 88' lang='lat'>;</span> <span class='ocrx_word' id='word_1_240' title='bbox 618 4222 658 4285; x_wconf 89' lang='lat' dir='ltr'>de</span> <span class='ocrx_word' id='word_1_241' title='bbox 680 4244 778 4286; x_wconf 88' lang='lat' dir='ltr'>sensu</span> <span class='ocrx_word' id='word_1_242' title='bbox 799 4222 889 4286; x_wconf 88' lang='lat' dir='ltr'>voois</span> <span class='ocrx_word' id='word_1_243' title='bbox 909 4221 994 4302; x_wconf 76' lang='grc' dir='ltr'><strong><em>ρηξον</em></strong></span> <span class='ocrx_word' id='word_1_244' title='bbox 1015 4222 1159 4286; x_wconf 87' lang='lat' dir='ltr'>dubitari</span> <span class='ocrx_word' id='word_1_245' title='bbox 1175 4244 1241 4287; x_wconf 92' lang='lat' dir='ltr'>non</span> <span class='ocrx_word' id='word_1_246' title='bbox 1255 4231 1384 4307; x_wconf 90' lang='lat' dir='ltr'>potest,</span> <span class='ocrx_word' id='word_1_247' title='bbox 1412 4226 1480 4289; x_wconf 89' lang='lat' dir='ltr'>sive</span> 
     </span>
    </p>
   </div>
   <div class='ocr_carea' id='block_1_11' title="bbox 199 4341 1480 4542">
    <p class='ocr_par' dir='ltr' id='par_1_12' title="bbox 199 4341 1480 4542">
     <span class='ocr_line' id='line_1_30' title="bbox 200 4341 1480 4426; baseline 0.006 -26"><span class='ocrx_word' id='word_1_248' title='bbox 200 4361 294 4418; x_wconf 73' lang='grc' dir='ltr'><em>φωνην</em></span> <span class='ocrx_word' id='word_1_249' title='bbox 332 4362 405 4403; x_wconf 88' lang='lat' dir='ltr'>oum</span> <span class='ocrx_word' id='word_1_250' title='bbox 441 4341 605 4424; x_wconf 89' lang='lat' dir='ltr'>plerisque</span> <span class='ocrx_word' id='word_1_251' title='bbox 641 4343 831 4426; x_wconf 89' lang='lat' dir='ltr'>supplemus</span> <span class='ocrx_word' id='word_1_252' title='bbox 862 4343 930 4407; x_wconf 91' lang='lat' dir='ltr'>sive</span> <span class='ocrx_word' id='word_1_253' title='bbox 965 4366 1138 4421; x_wconf 72' lang='lat' dir='ltr'>aeppoovvep</span> <span class='ocrx_word' id='word_1_254' title='bbox 1162 4367 1235 4407; x_wconf 89' lang='lat' dir='ltr'>oum</span> <span class='ocrx_word' id='word_1_255' title='bbox 1257 4345 1423 4408; x_wconf 89' lang='lat' dir='ltr'>nonnullis</span> <span class='ocrx_word' id='word_1_256' title='bbox 1440 4369 1480 4408; x_wconf 85' lang='lat' dir='ltr'>ex</span> 
     </span>
     <span class='ocr_line' id='line_1_31' title="bbox 199 4437 691 4542; baseline 0.018 -25"><span class='ocrx_word' id='word_1_257' title='bbox 199 4464 378 4536; x_wconf 72' lang='lat' dir='ltr'>eappardnat</span> <span class='ocrx_word' id='word_1_258' title='bbox 401 4459 592 4542; x_wconf 86' lang='lat' dir='ltr'>repetimus.</span> <span class='ocrx_word' id='word_1_259' title='bbox 685 4437 691 4444; x_wconf 29' lang='grc' dir='ltr'>ι</span> 
     </span>
    </p>
   </div>
   <div class='ocr_carea' id='block_1_12' title="bbox 0 0 1692 5200">
    <p class='ocr_par' dir='ltr' id='par_1_13' title="bbox 0 0 1692 5200">
     <span class='ocr_line' id='line_1_32' title="bbox 0 0 1692 5200; baseline 0 2"><span class='ocrx_word' id='word_1_260' title='bbox 0 0 1692 5200; x_wconf 95' lang='lat' dir='ltr'> </span> 
     </span>
    </p>
   </div>
  </div>
 </body>
</html>
