3376 5200
796 317 835 378 17

176 519 405 584 substitueret.
442 519 525 582 Inde
544 519 645 582 lectio
665 540 832 579 succursura
852 518 885 580 in
906 517 1050 601 reliquos
1068 517 1197 580 codices
1213 517 1382 600 irrepsisse
1397 539 1455 579 no-

175 639 226 702 bis
236 638 377 702 videtur.
404 640 452 701 At
466 660 680 722 personarum
690 637 832 700 mutatio
844 637 912 716 illa,
931 660 1029 720 quam
1039 637 1073 700 in
1089 637 1184 700 codd.
1198 636 1251 704 &A
1260 636 1455 714 invenimus,

175 759 258 822 bene
276 759 415 842 quadrat
430 759 471 822 ad
487 757 582 822 LXX
598 757 742 821 virorum
764 756 895 820 dicendi
914 756 1090 832 rationem;
1117 755 1159 820 cf.
1177 757 1314 820 Deutcr.
1333 760 1384 834 32,
1402 759 1455 819 43.

175 877 233 942 ubi
248 877 479 962 imperativum
495 878 658 942 secundae
674 899 832 961 personae
848 876 899 940 bis
916 876 1039 960 excipit
1054 899 1193 960 persona
1208 876 1319 940 tertia.

261 1014 364 1078 Vides
388 1014 507 1098 igitur,
534 1015 675 1078 Paulum
695 1037 763 1077 non
786 1013 849 1077 nisi
874 1020 1003 1077 mutato
1027 1015 1201 1077 verborum
1228 1013 1340 1077 ordine
1363 1015 1458 1095 (quae

176 1133 317 1198 mutatio
340 1133 496 1198 facillime
518 1133 585 1196 loci
605 1140 819 1217 argumento,
845 1132 964 1216 quippe
990 1133 1077 1216 quod
1098 1156 1135 1193 τα
1153 1139 1225 1210 stup
1246 1131 1387 1195 maxime
1408 1153 1458 1194 re-

177 1254 305 1338 spiciat,
324 1253 518 1337 explicatur)
536 1277 554 1316 a
569 1253 666 1317 LXX
682 1253 825 1317 virorum
840 1259 938 1316 textu
953 1253 1116 1316 recedere.
1155 1253 1232 1315 Non
1253 1252 1360 1314 minus
1375 1291 1407 1298 —
1421 1257 1459 1314 ut

177 1395 390 1456 personarum
411 1372 630 1436 mutationem
654 1395 751 1456 supra
775 1378 926 1435 notatam
951 1373 1142 1436 omittamus
1157 1412 1189 1420 —
1209 1371 1368 1455 allegatio
1390 1370 1459 1434 eius

178 1491 286 1555 verbis
302 1491 465 1555 hebraicis
481 1485 649 1590 ῦᾞιξζιῆξ
665 1487 796 1587 uniunt-l
812 1487 938 1584 &³¹52
953 1504 1099 1586 fllffi't'ttffi
1115 1488 1192 1587 abbr]
1206 1491 1396 1575 respondet.

702 1834 823 1890 Locus
841 1834 939 1890 xvl.

558 1973 575 2032 l
594 1969 669 2031 Cor.
689 1972 739 2046 l0,
759 1971 775 2032 7
794 1967 837 2032 cf.
850 1969 962 2058 ¹Erod.
981 1973 1032 2047 32,
1051 1975 1081 2033 6.

223 2171 366 2272 Ὥσπερ
389 2183 586 2272 γέγραπται
599 2171 794 2250 Ἐκάθισεν
816 2174 835 2248 ὁ
858 2175 946 2264 λαὸς
973 2189 1097 2278 φαγεῖν
1120 2181 1180 2251 καὶ
1201 2191 1295 2253 πιεῖν
1317 2183 1377 2252 καὶ
1400 2177 1461 2253 ἀν-

180 2321 339 2410 έστησαν
361 2313 509 2400 παίζειν.

265 2461 332 2528 VV.
349 2460 417 2527 LL.
441 2481 544 2544 paene
560 2459 683 2523 nullius
699 2459 875 2538 momenti,
903 2460 965 2523 nisi
982 2461 1068 2542 quod
1087 2461 1183 2524 codd.
1203 2463 1263 2530 FG
1284 2465 1458 2546 praebent:

180 2601 294 2657 ανεστη,
325 2580 448 2662 absque
479 2579 578 2643 dubio
609 2587 744 2664 propter
774 2580 1026 2643 antecedentem
1060 2579 1259 2664 singularem
1290 2603 1460 2646 numerum

178 2685 354 2780 (ικαθισιν).

264 2834 365 2900 LXX
386 2834 526 2897 eundem
540 2841 671 2898 textum
686 2837 847 2919 praebent
863 2835 932 2900 sine
948 2837 1089 2901 notabili
1104 2838 1285 2902 lectionum
1301 2838 1461 2902 varietate

180 2942 339 3030 (εκαθησεν
356 2953 451 3016 codd.
471 2953 534 3016 duo
551 2953 689 3018 minusc.
709 2956 838 3019 Holm.
858 2963 892 3019 et
909 2956 998 3039 Cyr.
1016 2958 1129 3020 Alex.
1146 2959 1220 3020 loco
1237 2952 1320 3036 uno;
1350 2981 1461 3036 ανιστη,

179 3078 217 3134 ut
241 3071 274 3135 in
298 3095 383 3136 novo
405 3079 485 3136 test.
509 3073 605 3137 codd.
622 3073 698 3154 Fe,
724 3077 813 3138 solus
836 3077 939 3138 Just.
957 3077 1005 3139 M.
1024 3078 1101 3140 dial.
1120 3080 1192 3142 175.
1239 3078 1288 3140 At
1302 3084 1376 3142 tota
1392 3078 1460 3141 eius

180 3191 338 3275 allegatio
363 3194 466 3278 [εφαγε
488 3216 537 3254 και
559 3216 618 3255 aare
640 3217 656 3254 o
680 3196 751 3263 λαος
773 3219 823 3256 και
846 3217 948 3274 areum
971 3218 1022 3256 του
1045 3195 1166 3282 casleto]
1197 3219 1235 3261 ea
1260 3204 1325 3276 est,
1351 3175 1396 3261 'ut
1420 3198 1461 3261 de

181 3310 324 3375 lectione
341 3313 521 3377 secundum
536 3321 642 3377 testes
661 3322 768 3378 certos
785 3315 944 3379 aJustino
955 3323 1084 3379 mutata
1100 3317 1316 3401 cogitarinon
1330 3317 1459 3401 possit).
1513 3365 1520 3380 .

265 3449 377 3511 Verba
391 3448 546 3512 hebraica
561 3451 643 3512 haec
659 3457 752 3514 sunt:
778 3435 865 3547 ppt}
881 3465 975 3549 impp}
991 3449 1073 3518 indi
1088 3449 1167 3546 Βϋζξξ
1183 3466 1253 3545 ῦξζῑ
1268 3451 1346 3546 :Q

268 3581 397 3643 Quibus
422 3581 527 3644 versio
556 3583 654 3646 Alex.
681 3585 764 3647 bene
788 3586 983 3668 respondem
1018 3588 1148 3650 etiamsi
1173 3589 1275 3668 enim,
1308 3591 1396 3674 quod
1420 3591 1462 3654 ad
1516 3631 1520 3644 .

180 3720 296 3764 vocem
317 3695 404 3785 pult&
424 3699 562 3779 attinet,
591 3702 721 3786 proprie
744 3704 783 3767 de
806 3705 1039 3770 saltationibus
1057 3707 1271 3790 cogitandum
1287 3716 1338 3772 est
1353 3710 1387 3772 iu
1402 3713 1461 3774 ho-

180 3841 294 3883 norem
318 3818 400 3883 idoli
424 3819 513 3882 aurei
537 3819 718 3900 institutis,
732 3823 754 3906 ¹)
785 3823 881 3888 LXX
909 3824 1052 3889 virorum
1078 3825 1163 3890 illud
1192 3827 1299 3900 παιζιιν
1329 3829 1462 3892 solitam

180 3938 273 4002 verbi
287 3952 355 4024 put!
371 3939 541 4003 notionem
556 3949 708 4006 accurate
723 3943 844 4007 reddit.

266 4180 293 4244 1)
321 4181 361 4231 Do
381 4183 431 4231 hac
454 4183 528 4232 vocis
549 4189 612 4250 ΡΠΣ
635 4187 747 4236 notione
768 4185 882 4235 saltandi
907 4189 942 4238 cf.
963 4189 1102 4239 Knobsl.
1127 4190 1161 4239 ad
1182 4193 1269 4240 locum
1292 4194 1413 4240 nostrum
1434 4197 1462 4241 et

181 4265 305 4317 lChron.
321 4269 361 4326 15,
375 4270 417 4316 29.
454 4269 565 4318 Veteres
578 4269 740 4320 ludaeorum
757 4273 920 4336 interpretes
939 4289 1030 4324 omues
1043 4275 1076 4324 de
1090 4277 1165 4325 cultu
1177 4276 1244 4326 idoli
1257 4277 1315 4340 ipso
1328 4278 1461 4342 cogitasse

180 4351 322 4414 videntur;
342 4354 377 4402 ol.
391 4355 464 4403 locos
477 4370 492 4402 a
505 4354 537 4402 W
546 4371 559 4404 c
568 4357 699 4406 tatonis
713 4359 811 4406 allatos
824 4360 852 4408 iu
877 4354 974 4406 Novam
986 4362 1083 4407 testam.
1097 4361 1125 4409 11
1138 4379 1165 4426 p.
1180 4365 1230 4411 140
1243 4379 1283 4426 sq.

1228 4466 1246 4524 2
