3376 5200
824 331 899 391 51-

758 417 928 426 ---.

287 532 397 594 Verba
421 531 575 594 hebraica
599 528 720 622 tegrin
745 528 828 623 imp:
853 529 933 623 dtr]
958 541 1038 596 ott*
1062 539 1189 622 l'jt'ffils
1212 539 1330 615 tamt)
1354 531 1483 614 proprie

203 651 361 716 vertenda
377 657 487 714 erant:
514 651 582 735 qaia
603 650 789 713 edomiaooil
810 651 952 731 spiritam
973 650 1106 712 Jelooae
1127 656 1156 712 el
1172 650 1270 734 (qaia)
1286 650 1485 713 consiliarios

203 773 268 835 eiua
284 777 381 851 (emt)
397 771 449 855 qai
466 772 583 833 doceret
600 793 676 833 εααι.
723 770 863 834 Etiamsi
880 783 938 853 tm
954 792 1029 833 oum
1043 768 1234 854 Vitringa
1245 769 1360 853 'potius
1376 769 1418 833 ad
1433 792 1484 833 ra·

203 891 310 954 dicem
329 901 389 978 tpn
404 889 612 953 referendum
628 896 690 968 est,
713 891 746 952 h.
764 913 792 954 e.
816 893 859 954 od
873 913 1006 953 normam
1027 912 1112 952 ειιααι
1133 889 1246 953 diremit
1267 889 1326 973 (ita
1347 890 1482 973 Syrus,

203 1009 477 1094 Targumista‚
496 1010 657 1088 Saadia,
676 1032 692 1073 e
708 1009 946 1073 recentioribus
963 1010 1102 1073 Ewald
1117 1009 1331 1090 (beroohoen),
1354 1010 1482 1074 Knob.

203 1132 350 1211 (riollea)
372 1129 477 1192 Hitz.
496 1130 706 1210 (adaeldlzeo)
728 1129 813 1192 Del.
831 1131 983 1210 (repeda),
1008 1136 1121 1193 tamen
1136 1129 1233 1192 Lxx
1254 1129 1397 1194 virorum
1412 1151 1483 1194 ver-

202 1251 267 1328 sio,
292 1273 374 1334 quae
390 1249 497 1333 magis
513 1250 547 1313 in
561 1249 750 1314 universum
765 1251 946 1333 prophetae
963 1249 1160 1314 sententiam
1184 1248 1294 1312 reddit
1301 1275 1310 1327 3
1334 1271 1400 1312 non
1421 1248 1484 1312 nisi

201 1371 320 1433 leviter
342 1393 474 1435 sensum
496 1376 616 1433 mutat.
663 1369 762 1433 Quod
786 1371 827 1434 ad
850 1369 985 1433 alterius
1013 1367 1215 1433 hemistichii
1236 1369 1482 1452 interpretatio-

202 1463 277 1552 nem
294 1489 427 1567 attinet,
444 1511 511 1552 non
527 1495 589 1567 est,
608 1511 665 1552 our
681 1511 756 1553 oum
772 1490 914 1553 Gesen.
932 1489 1059 1552 Knob.
1078 1489 1187 1552 Hitz.
1210 1495 1287 1572 post
1303 1500 1385 1557 'lm
1408 1511 1483 1572 sup·

202 1609 350 1691 pleamus
366 1619 436 1676 'twa
444 1658 453 1687 ,
477 1609 542 1672 imo
559 1609 659 1673 verba
675 1621 756 1678 tm
772 1620 854 1676 '0³er
875 1609 1091 1694 appositionis
1107 1609 1181 1672 looo
1198 1608 1389 1692 accipienda
1405 1616 1484 1672 sunt

202 1728 256 1812 (of.
285 1729 384 1808 Del„
410 1730 474 1794 Jea
496 1752 529 1813 p.
553 1733 631 1794 396:
666 1752 754 1804 „rom
784 1731 832 1793 αἰε
862 1730 928 1792 aeia
958 1731 1152 1793 Raldamooa
1182 1729 1344 1792 ιιιιίιναιιῖιε
1374 1730 1480 1814 ilar).

189 1848 296 1911 'LXX
321 1848 382 1912 viri
402 1850 561 1913 addentes
585 1847 691 1930 ἐγένετο
710 1857 745 1914 et
769 1845 802 1918 ὃς
836 1850 988 1914 striatam
1009 1851 1190 1933 prophetae
1211 1849 1394 1913 orationem
1411 1850 1482 1932 pla-

201 1968 327 2031 niorem
341 1969 567 2032 reddiderunt.

564 2189 597 2274 b)
622 2191 726 2256 lCor.
746 2196 775 2270 2,
794 2196 833 2257 16
851 2192 894 2255 ef.
912 2193 979 2255 Jes.
997 2197 1049 2271 40,
1067 2194 1119 2257 13.

290 2369 354 2454 Τίς
372 2363 438 2466 γὰρ
458 2373 546 2457 ἔγνω
565 2373 654 2440 νοῦν
671 2369 810 2464 κυρίαν,
830 2361 870 2456 ὃς
889 2363 1106 2462 σομβιβάσει
1124 2364 1254 2459 αὐτόν,

286 2514 502 2580 Eoodioibus
523 2515 618 2580 LXX
639 2516 782 2581 virorum
802 2517 967 2598 σνμββασα
984 2517 1145 2600 praebent
1166 2520 1293 2600 (eontra
1313 2520 1382 2597 ala
1409 2521 1483 2585 vide

201 2658 299 2718 supra
314 2636 424 2698 locum
440 2638 471 2720 a)
496 2634 610 2702 nxll
635 2637 688 2720 (ad
705 2639 823 2720 marg.)
846 2643 880 2700 et
903 2637 999 2700 oodd.
1024 2641 1062 2701 16
1084 2636 1223 2701 minuse.
1247 2637 1359 2702 Holm.
1386 2639 1483 2724 (inter

202 2777 283 2836 quos
301 2758 373 2818 109.
391 2759 465 2818 302.
483 2759 562 2820 305:
587 2757 669 2837 σομβ.
689 2760 790 2840 αντα).
838 2758 1014 2820 Praeterea
1038 2756 1138 2820 etiam
1162 2757 1340 2822 lectionem
1363 2760 1436 2823 ood.
1461 2775 1483 2827 a

202 2879 367 2935 eorreotor
384 2873 423 2934 O·
438 2881 625 2938 mutaverat
647 2875 678 2938 in
699 2877 859 2957 σομβιβασι,
880 2876 938 2939 sed
954 2898 981 2936 σι
999 2898 1110 2939 rursus
1123 2855 1260 2940 ¹erasum
1283 2885 1344 2941 est.
1393 2883 1481 2963 Apo-

201 2992 325 3056 stolum
350 2999 459 3057 autem
485 3016 550 3058 non
575 2995 712 3059 fortuito
737 2995 888 3060 codicum
909 2995 1022 3062 AXII
1044 3003 1108 3060 eto.
1132 2997 1310 3062 lectionem
1332 3005 1483 3062 seoutum

200 3133 286 3190 esse,
314 3134 354 3175 ex
374 3113 519 3178 eiusdem
535 3114 601 3178 looi
617 3115 817 3200 allegatione
834 3118 930 3180 Rom.
950 3119 1000 3194 11,
1018 3119 1060 3180 34
1076 3123 1229 3200 apparet,
1255 3117 1312 3182 ubi
1334 3119 1482 3182 Paulus

201 3253 274 3294 oum
296 3231 410 3299 AXII
430 3241 595 3299 mutatum
615 3236 788 3300 verborum
811 3235 958 3299 ordinem
981 3237 1153 3319 (σομβοολος
1170 3241 1271 3320 evaeo)
1287 3238 1479 3320 praebebat.

199 3353 324 3416 Nostro
347 3361 459 3417 autem
480 3355 514 3418 in
535 3356 609 3419 loeo
632 3356 802 3439 apostolus
819 3355 927 3419 media
942 3355 1043 3419 verba
1059 3355 1186 3434 omisit,
1211 3363 1373 3436 extrema,
1398 3380 1480 3440 quae

199 3471 267 3534 illio
285 3471 500 3550 omittuntur,
524 3474 656 3538 adiecit.
702 3476 752 3538 De
768 3475 903 3558 reliquis
920 3474 994 3538 vide
1010 3475 1120 3537 locum
1136 3474 1400 3540 antecedentem.

698 3764 820 3822 Iaooue
836 3765 985 3821 mn.

442 3899 538 3964 Rom.
559 3905 610 3980 13,
628 3903 661 3965 9·
677 3901 719 3965 of.
738 3901 845 3966 Exod.
864 3905 915 3981 20,
934 3905 973 3967 13
991 3901 1103 3986 (Deut.
1122 3907 1151 3981 5,
1171 3903 1233 3987 17).

288 4082 331 4149 Τὸ
357 4085 412 4168 γάρ
437 4075 493 4150 Οὐ
521 4073 735 4172 μοιχεύσεις,
764 4076 807 4151 οὐ
836 4075 1034 4180 φονεύσεις,
1062 4075 1104 4152 οὐ
1131 4081 1285 4177 κλέψεις,
1314 4076 1378 4154 οὐκ
1406 4086 1480 4154 ἐπι-

197 4207 379 4310 θυμήσεις
391 4270 414 4286 ..
443 4217 487 4306 (ἐν
504 4227 544 4303 τῷ
562 4224 636 4307 λόγῳ
653 4224 746 4304 τούτῳ
764 4223 1030 4307 ἀνακεφαλαιοῦται
1047 4214 1122 4310 κτλ.)

281 4361 349 4428 W.
365 4362 434 4429 LL.
474 4365 557 4426 Post
577 4366 693 4444 κλεψιις
710 4370 823 4428 textus
848 4385 914 4428 reo.
936 4365 1031 4429 addit
1054 4388 1088 4426 ον
1108 4368 1389 4446 ψευδομαρτνρησεις
1405 4388 1477 4430 oum

197 4497 219 4550 it
244 4481 382 4546 minueo.
408 4483 591 4566 permultis,
618 4487 700 4566 vulp.
728 4487 774 4568 (at
791 4507 856 4548 non
872 4485 979 4548 amiel.
995 4485 1088 4571 sold.
1115 4487 1199 4550 tolet.
1218 4487 1275 4570 al.)
1299 4509 1361 4572 apr.
1377 4493 1477 4569 poet,

1221 4608 1265 4670 ,με
