3376 5200
181 657 212 724 2.
244 658 370 724 Tabula
396 657 540 723 locorum
569 657 624 742 qui
651 655 840 722 adtentum
862 653 1051 720 hebraicum
1073 652 1269 718 aooedentes
1291 653 1400 718 tanen
1422 673 1462 718 ox

550 777 647 862 parte
670 775 757 842 Lxx
780 775 860 840 viris
883 773 1095 860 respondent.

684 998 806 1053 Iroous
822 997 959 1052 mn.
981 977 1005 994 '⁴

558 1137 588 1218 a)
613 1136 708 1197 Rom.
729 1138 757 1211 1,
776 1135 814 1198 17
837 1132 879 1196 ef.
897 1133 984 1196 Hab.
1003 1137 1033 1210 2,
1050 1135 1082 1196 4.

269 1310 408 1400 Καθὼς
426 1319 624 1410 γέγραπται
639 1307 681 1384 Ὁ
700 1312 738 1382 ds'·
757 1312 896 1398 δίκαιος
914 1316 951 1382 ἐκ
971 1312 1124 1396 adoreas·
1141 1304 1295 1406 ζήσεται.

266 1462 333 1528 W.
349 1461 417 1526 LL.
443 1482 499 1536 μου
510 1481 540 1518 εκ
551 1480 624 1519 aios.
643 1459 803 1542 praebent
819 1460 890 1522 eod.
910 1457 933 1525 Ο
950 1465 984 1521 et
1001 1459 1095 1521 codd.
1114 1459 1195 1538 orilp.
1213 1496 1244 1504 -
1260 1480 1290 1517 εκ
1301 1479 1375 1517 uror.
1387 1479 1462 1534 pov:

180 1603 240 1666 syr.
262 1586 360 1662 post,
387 1579 531 1642 Euseb.
558 1578 722 1642 Hieron.
750 1581 845 1664 (quod
874 1580 1029 1660 apostolas
1054 1577 1147 1639 LXX
1169 1578 1265 1656 mapa
1290 1578 1460 1640 testimonio

180 1699 765 1762 01000000010οΕ00000000001600οι
789 1699 924 1772 „Iustus
949 1705 1049 1760 aulem
1075 1720 1110 1760 eo
1125 1699 1193 1782 fide
1212 1720 1277 1760 moa
1302 1697 1411 1759 oioet“
1434 1704 1462 1760 ot

180 1843 239 1882 ooo
265 1842 297 1881 eo
322 1821 402 1903 qaod
421 1820 548 1881 liabetur
573 1817 606 1880 ia
622 1817 792 1892 Hebraico,
819 1841 912 1880 sarisa
932 1818 1096 1899 perspicuo
1122 1823 1184 1880 est:
1212 1817 1361 1880 scridebat
1384 1817 1462 1879 euim

181 1938 329 2000 Romanis
344 1939 396 2021 qai
412 1938 580 2019 scripturas
595 1939 765 2000 Hebroioaa
780 1939 980 2016 nesciebant).
1021 1938 1144 2000 Tamen
1159 1958 1265 2020 neque
1282 1935 1460 2014 Eusebii‚

180 2078 285 2139 neque
301 2055 537 2140 Hieronymi
552 2056 732 2120 auotoritas
748 2057 851 2140 pluris
868 2057 1035 2120 aestimari
1049 2064 1162 2140 potest
1179 2057 1328 2120 codicum
1345 2053 1461 2123 sABl)

180 2178 223 2241 al.
243 2199 415 2240 consensu.
438 2215 469 2224 —
491 2176 612 2238 Statim
629 2179 691 2239 hoe
707 2177 780 2240 loeo
798 2177 966 2254 addemus
988 2177 1076 2258 quod
1091 2176 1125 2239 in
1141 2176 1333 2259 quaestione
1350 2183 1463 2239 nostra

180 2296 409 2380 gravissimum
427 2303 488 2374 est,
507 2317 604 2379 quem
620 2295 654 2359 in
670 2297 804 2359 modum
819 2303 935 2360 auctor
952 2295 1111 2379 epistolae
1127 2297 1168 2360 ad
1179 2295 1348 2360 Hebraeos
1365 2295 1462 2360 datae

182 2420 244 2499 (10,
263 2420 315 2500 38)
333 2417 470 2480 eundem
488 2417 599 2480 looum
615 2415 821 2499 allegaverit.
869 2417 1064 2498 Quanquam
1087 2415 1267 2479 difficultas
1290 2416 1378 2479 haud
1395 2439 1461 2479 me-

181 2537 300 2601 diocris
318 2536 396 2610 inde
419 2535 538 2614 oritur,
566 2537 654 2619 quod
674 2543 785 2599 totum
807 2535 1013 2600 Habaeuoi
1033 2537 1141 2598 looum
1165 2543 1280 2598 auctor
1302 2535 1462 2618 epistolae

106 2626 110 2635 -
180 2657 269 2721 illius
286 2656 392 2719 minus
409 2657 535 2739 allegat
551 2679 649 2739 quam
664 2655 779 2720 inserit
796 2655 936 2720 orationi
959 2678 1052 2734 suae,
1078 2663 1191 2719 tamen
1213 2655 1253 2718 de
1277 2655 1460 2719 omittendo
1501 2739 1508 2752 ,

180 2801 222 2840 an
237 2776 409 2839 retinendo
428 2798 483 2854 μου
499 2775 624 2858 aliquid
639 2775 724 2839 lueis
746 2776 821 2840 inde
843 2776 1025 2860 proveniet.
1072 2775 1149 2840 11110
1171 2781 1282 2838 autem
1301 2775 1461 2839 lectiones

181 2902 314 2960 exstant
329 2895 397 2958 fere
414 2897 492 2958 hae:
519 2897 548 2978 1)
569 2917 585 2954 0
602 2897 632 2955 δε
650 2897 700 2956 δικ.
719 2919 748 2956 εκ
766 2918 840 2956 uros.
861 2896 972 2973 ζησεται
991 2897 1099 2980 (plane
1123 2903 1161 2958 ut
1186 2896 1363 2979 Paulus):
1389 2902 1461 2958 tex-

180 3024 234 3080 tus
259 3037 324 3080 ree.
353 3038 426 3078 eum
452 3013 749 3081 DfflldKIrNWI
774 3017 817 3079 al.
843 3015 1025 3099 plerisque,
1054 3015 1192 3100 Chrys.
1218 3015 1324 3078 Dam.
1351 3015 1394 3078 al.
1425 3055 1457 3062 —

181 3139 212 3220 2)
247 3159 263 3197 ο
290 3138 320 3196 ds
346 3137 396 3195 des.
424 3157 454 3195 εκ
481 3157 554 3196 uror.
581 3157 637 3213 μου
662 3135 717 3220 (of.
743 3135 838 3198 LXX
869 3137 941 3200 cod.
968 3137 1031 3220 B):
1056 3137 1110 3201 D*
1141 3137 1161 3198 d
1191 3159 1206 3198 0
1235 3158 1297 3220 apr.
1329 3142 1391 3198 retr.
1416 3135 1459 3198 al.

180 3257 325 3321 Euseb.
353 3254 466 3340 Cypr.
493 3255 681 3319 Theodrt.
710 3295 741 3303 -
768 3259 797 3342 3)
822 3257 886 3317 ode
903 3259 954 3317 δικ.
968 3279 1024 3334 μου
1042 3279 1072 3316 εκ
1090 3278 1180 3317 moa:
1211 3253 1458 3342 &ANifoulp

181 3377 301 3440 Clam.
321 3376 435 3438 Alex.
443 3424 453 3453 ,
472 3376 662 3438 Theodrt.
681 3377 766 3458 (1000
776 3381 854 3458 uno)
871 3377 914 3440 al.
929 3415 958 3422 -
973 3376 1071 3439 Quod
1087 3376 1129 3439 ad
1145 3374 1355 3438 omissionem
1370 3374 1461 3438 vocis

179 3519 235 3572 μου
269 3493 408 3570 attinet,
439 3499 545 3555 testes
575 3493 680 3576 primo
711 3495 785 3557 loeo
816 3494 925 3558 notati
956 3517 1027 3556 eum
1060 3493 1179 3578 peioris
1209 3500 1324 3572 notae,
1363 3517 1460 3578 quam

182 3635 319 3698 quorum
344 3610 542 3674 austeritate
568 3611 699 3690 nitaris,
732 3621 803 3676 tum
835 3613 1072 3677 emendationis
1104 3635 1120 3676 e
1147 3613 1262 3676 Pauli
1291 3613 1373 3677 loeis
1404 3615 1459 3696 (of.

181 3732 280 3798 etiam
297 3731 372 3796 Gal.
392 3735 421 3810 3,
441 3732 492 3814 11)
509 3731 685 3794 admodum
702 3733 848 3816 suspecti
863 3741 951 3796 sunt.
998 3733 1108 3816 Magis
1125 3732 1224 3796 etiam
1240 3735 1345 3796 altera
1361 3733 1460 3797 leetio

181 3853 250 3932 (μου
262 3860 338 3936 post
347 3843 483 3929 πιστεως)
493 3851 640 3936 inprimis
649 3852 723 3937 Syri
739 3859 773 3915 et
788 3853 896 3916 Italae
912 3853 1111 3917 auctoritate
1129 3854 1387 3917 sommendatur.
1413 3856 1461 3918 At

182 3981 219 4036 ut
240 3975 303 4035 hoo
320 3972 512 4036 omittamus
520 4022 529 4052 ,
556 3972 713 4036 versionis
737 3972 914 4037 cuiuslibet
929 3973 1089 4036 lectiones
1107 3973 1257 4038 oodieum
1273 3973 1460 4057 antiquissi-

181 4115 308 4157 morum
332 4115 524 4175 graecorum
549 4092 740 4156 testimonio
771 4095 1018 4177 posthabendas
1050 4117 1139 4172 esse,
1177 4093 1325 4177 inprimis
1352 4094 1459 4158 Italae

180 4213 340 4278 lectiones
356 4219 427 4275 tum
445 4214 573 4276 demum
592 4213 723 4277 maioris
739 4213 837 4296 pretii
859 4213 1017 4278 dicendae
1042 4222 1135 4293 sunt,
1162 4213 1219 4277 ubi
1243 4213 1372 4278 oodioes
1390 4213 1458 4278 eius

180 4333 265 4396 inter
282 4354 316 4396 se
334 4331 555 4396 consentiunt.
595 4333 704 4396 Dooet
719 4341 829 4396 autem
847 4355 958 4397 eorum
975 4333 1204 4418 discrepantia,
1222 4333 1328 4397 varias
1344 4333 1460 4398 lectio-

181 4476 238 4517 nes
254 4452 316 4516 iam
334 4452 368 4515 in
383 4452 619 4537 antiquissimis
642 4451 810 4517 eodieibus
832 4454 960 4537 graeeis
982 4454 1150 4520 exstitisse
1173 4461 1206 4518 et
1227 4453 1260 4516 in
1276 4454 1459 4518 versionem
