3376 5200
852 301 872 360 4

780 388 950 395 ---..

306 506 453 564 Novum
475 510 625 564 testam.
648 507 885 565 Vaticanum.
922 510 997 567 Post
1018 509 1129 584 Angeli
1145 510 1220 567 Maii
1242 511 1429 588 aliorumque
1451 514 1506 570 im·

221 609 371 684 perfectos
387 609 504 669 labores
520 630 555 668 ex
570 610 636 688 ipso
653 609 756 668 codice
772 609 869 668 edidit
885 610 917 668 (l.
935 611 1201 669 Tischendorf.
1233 613 1314 690 Lips.
1333 613 1426 673 1867.

306 713 555 770 Monumenta
584 731 689 770 sacra
718 713 869 771 inedita
898 713 960 770 sive
984 713 1128 790 reliquiae
1153 715 1380 793 antiquissimae
1403 720 1505 775 textus

221 814 293 871 novi
308 817 428 872 testam.
445 815 546 890 graeci
562 819 619 872 etc.
644 815 690 872 ed.
709 815 740 872 Ο.
759 814 1023 873 Tischcndorf.
1056 818 1147 875 1846.

306 917 852 975 Monumentasacrainedita.
883 918 1203 977 Novaoollectio.
1235 922 1281 978 Ex
1296 921 1343 978 his
1358 921 1436 998 inpr.
1453 921 1504 979 ad·

220 1019 374 1077 hibuimus
390 1015 449 1074 ool.
464 1013 486 1075 I
496 1019 680 1095 (fragmenta
695 1039 778 1077 sacra
793 1019 988 1097 palimpsesto.
1004 1024 1060 1079 etc.
1082 1021 1179 1096 1854)
1195 1018 1255 1079 ool.
1268 1017 1311 1079 II
1321 1021 1505 1100 (fragmenta

149 1129 165 1156 ‘¹
220 1122 290 1178 libri
306 1141 459 1198 geneseos,
475 1121 556 1178 inter
571 1141 647 1198 quae
662 1123 807 1199 reliquiae
824 1122 1010 1180 celeberrimi
1027 1124 1138 1181 codicis
1154 1124 1392 1183 Oottoniani.
1406 1126 1503 1200 1857)

219 1219 279 1279 ool.
298 1217 361 1279 III
371 1223 555 1299 (fragmenta
571 1225 769 1300 Origenianac
785 1226 958 1283 octateuchi
974 1226 1116 1284 editionis
1133 1231 1190 1285 etc.
1214 1225 1321 1302 1859).

305 1328 423 1384 Vetus
439 1331 587 1384 testam.
604 1346 737 1402 graece
748 1329 837 1404 juxta
850 1329 935 1386 LXX
950 1331 1131 1408 interpretes
1142 1329 1321 1404 (secundum
1338 1331 1503 1389 editionem

220 1428 401 1503 Romanam)
419 1429 497 1486 edid.
515 1429 547 1486 O.
565 1429 830 1492 Tischendorf,
862 1431 908 1488 ed.
925 1433 984 1490 Ill.
1005 1435 1097 1492 1860.

305 1533 424 1589 Vetus
446 1535 594 1589 testam.
617 1551 793 1608 graccum
815 1552 883 1590 cum
905 1535 993 1592 variis
1013 1536 1204 1594 lectionibus.
1238 1536 1328 1594 Edid.
1350 1537 1387 1594 R.
1408 1537 1502 1594 Hol-

218 1635 356 1691 mesius
374 1633 461 1708 (tom.
479 1633 519 1707 I),
536 1634 726 1692 continuavit
740 1636 761 1692 J
768 1655 816 1693 ac.
834 1637 995 1695 Parsons
1012 1637 1099 1712 (tom.
1117 1638 1245 1712 II-V).
1262 1641 1357 1697 Oxou.
1377 1640 1496 1698 1798-

220 1737 312 1796 1827.
343 1737 508 1794 Brevitatis
531 1756 601 1812 ergo
623 1737 680 1794 hoc
702 1757 776 1815 opus
798 1738 910 1815 ubique
932 1740 1110 1817 simpliciter
1131 1743 1217 1818 signo
1240 1743 1417 1814 ‚,Hclmes.“
1439 1743 1501 1800 sive

219 1839 365 1911 „Holm.“
382 1839 570 1896 laudavimus
591 1873 623 1879 -
643 1861 681 1898 ne
697 1839 795 1898 dicam
810 1842 1061 1919 vituperavimus;
1084 1845 1279 1902 vehementer
1301 1846 1381 1904 enim
1397 1845 1500 1902 dolen-

218 1941 290 1998 dum
313 1946 373 2014 est,
396 1947 581 2019 quantopere
604 1964 679 2020 opus
700 1943 880 2001 immensum
900 1945 1054 2004 immensis
1075 1947 1246 2025 sumptibus
1269 1949 1439 2006 confectum
1462 1948 1500 2006 ob

217 2049 374 2103 auctorum
390 2045 615 2120 indiligentiam
634 2065 688 2104 nec
704 2067 765 2104 non
781 2047 932 2106 inscitiam
946 2049 1005 2108 fine
1021 2070 1075 2107 suo
1092 2051 1245 2109 exciderit.
1255 2047 1281 2126 ¹)

302 2149 563 2226 Hexaplorum
594 2148 774 2226 Origenis
805 2170 881 2226 quae
911 2157 1073 2228 supersunt
1103 2159 1160 2212 etc.
1186 2154 1265 2212 edid.
1290 2153 1426 2211 Beruh.
1458 2153 1499 2208 de

217 2251 479 2309 montfaucon.
511 2253 628 2309 Tomm.
645 2252 687 2310 Π.
719 2253 803 2311 Paris
821 2252 902 2312 1713
919 2275 962 2332 sq.

302 2355 562 2432 Hexaplorum
587 2355 766 2432 Origenis
791 2376 867 2433 quae
895 2362 1057 2434 supersunt
1081 2357 1215 2414 auctiora
1239 2360 1270 2413 et
1294 2354 1500 2412 emendatiora

217 2456 296 2514 edid.
314 2457 346 2514 O.
363 2458 398 2515 F.
414 2458 571 2516 Bahrdt.
603 2460 636 2516 ΙΙ
651 2464 756 2517 tomm.
789 2457 870 2517 1769
887 2479 930 2535 sq.

302 2561 592 2619 Pentateuchus
628 2561 1104 2620 hebraico-samaritanus
1141 2561 1311 2618 charactere
1345 2560 1499 2618 chaldaico

217 2663 316 2720 editus
333 2683 404 2720 cura
419 2667 450 2721 et
465 2664 567 2721 studio
583 2664 747 2739 Benjam.
764 2663 945 2740 Blaynay.
977 2665 1031 2720 Ox.
1050 2661 1142 2722 1790.

301 4309 329 4373 1)
347 4312 382 4360 cf.
404 4311 485 4360 etiam
507 4309 767 4358 Tischcndorfii
792 4309 924 4371 judicium
948 4307 981 4356 do
1004 4307 1140 4356 Holmesio
1162 4308 1296 4369 prolatum
1318 4307 1347 4357 in
1366 4307 1496 4356 versionis

214 4394 359 4447 Alexandr.
380 4396 499 4445 editione
520 4395 570 4452 111.
592 4397 712 4459 prolegg.
741 4412 768 4458 p.
783 4397 816 4444 53
829 4411 870 4456 sq.
893 4399 921 4443 ct
943 4393 1104 4452 Fraukcl,
1133 4389 1279 4439 Voratadieo
1303 4409 1332 4439 zu
1354 4389 1398 4440 der
1415 4389 1501 4440 LXX

214 4498 241 4546 p.
255 4482 305 4530 250
318 4497 358 4545 sq.
