3376 5200
588 249 603 286 ‘
837 293 878 354 ns

217 495 354 558 verbum
374 490 436 560 rb)
457 501 608 557 vertunt:
636 497 864 578 consistorium
890 515 1005 558 vooem
1028 506 1117 576 butt!
1141 501 1199 558 aut
1223 517 1355 578 prorsus
1381 494 1497 560 omise-

217 620 294 676 runt
319 613 410 695 (elius
434 615 626 697 plerumque
652 611 802 678 vertunt:
832 613 1027 696 κατακλυζειν)
1053 619 1110 676 aut
1132 635 1262 676 sensum
1286 621 1497 678 attenuantes

216 755 274 816 pro
302 735 457 816 „affluens
487 734 667 796 ieisliliom“
693 733 886 818 simpliciter
911 733 1127 817 seripserunt:
1162 736 1369 812 ενδικαιοσυνη.
1415 735 1497 797 Inde

216 851 344 936 proprie
360 853 555 916 vertendum
570 852 610 914 iis
627 853 759 916 fuisset:
787 859 1020 916 corisummoium
1037 855 1203 936 (ovvzsluu)
1220 861 1249 915 el
1265 855 1395 916 decisum
1412 857 1497 936 (pro-

216 971 284 1054 prie
305 972 526 1052 abbreviatum)
549 979 593 1034 eet
614 973 647 1034 in
669 974 805 1035 instilla.
853 973 942 1036 Male
965 979 1076 1036 autem
1098 995 1155 1054 pro
1181 973 1399 1036 substantivis
1424 995 1497 1058 par·

215 1091 330 1174 tieipia
350 1093 490 1152 συντελων
513 1099 547 1154 et
568 1114 727 1168 συντεμνων
752 1092 994 1156 substituentes
1016 1092 1151 1175 (absque
1177 1093 1277 1155 dubio
1304 1093 1392 1176 quod
1415 1105 1496 1181 γἾἾΠ

217 1212 468 1275 confundebant
485 1234 560 1274 eum
576 1212 657 1300 ΠΠ)
665 1261 675 1290 ,
698 1234 772 1275 sum
789 1212 956 1275 obiectum
972 1211 1086 1275 deesse
1104 1211 1285 1290 videretur,
1312 1213 1345 1274 in
1367 1211 1496 1276 univer-

216 1355 289 1394 sum
305 1331 498 1394 adiecerunt
528 1333 611 1411 λογον
640 1330 672 1413 (i.
698 1353 725 1394 e.
751 1353 790 1394 ex
813 1353 924 1394 eorum
952 1330 1133 1394 sententia:
1167 1353 1228 1394 rein
1253 1331 1321 1394 sive
1346 1334 1495 1394 decretum
1570 1381 1572 1390 ,

216 1451 389 1534 iudiciale).
437 1451 520 1515 Inde
545 1452 587 1514 ad
611 1451 695 1514 idem
722 1450 909 1514 subiectum
936 1454 1064 1533 (nempe
1087 1452 1128 1514 ed
1151 1451 1259 1534 deum)
1283 1450 1392 1514 omnia
1413 1450 1496 1514 refe-

215 1576 325 1634 rentes
347 1572 435 1633 huno
456 1571 523 1633 fere
545 1592 677 1634 sensum
698 1571 893 1634 effecerunt:
918 1572 1068 1632 decretum
1084 1571 1246 1654 perficiens
1268 1577 1297 1634 ei
1319 1571 1497 1632 abbrevians

216 1695 260 1752 eei
277 1691 379 1770 (deun)
402 1690 435 1751 in
455 1690 589 1753 institia.
635 1691 677 1753 ln
692 1690 797 1754 altero
814 1689 1023 1753 hemistichio
1041 1693 1104 1756 ’ΠΞἸ
1120 1685 1181 1756 uba
1203 1691 1318 1754 eodem
1334 1691 1495 1754 vocabulo

215 1808 446 1887 reddiderunt,
472 1809 592 1873 iterum
617 1809 777 1872 addentes
803 1807 939 1888 ,,λογον“,·
966 1808 1057 1872 inde:
1090 1811 1173 1888 loyor·
1197 1832 1361 1888 συντετμημ.
1380 1811 1438 1868 κτλ.
1460 1848 1489 1856 -

215 1929 381 2011 Apostolo
407 1936 516 1992 autem
542 1929 729 2013 argumenti
754 1952 881 1992 summa
905 1928 1010 2012 magis
1035 1928 1067 1991 in
1089 1929 1198 1992 verbis
1223 1929 1496 1992 antecedentibus

214 2048 324 2132 posite
358 2056 428 2112 erat
462 2055 537 2129 (non
567 2050 630 2112 nisi
657 2049 808 2134 reliquiae
843 2049 1053 2130 adipiscentur
1081 2051 1209 2112 salntem
1243 2056 1433 2129 aeternnm);
1463 2050 1495 2112 in

214 2167 323 2232 verbis
340 2169 618 2252 subsequentibus
634 2193 699 2246 une
715 2191 790 2233 oum
805 2169 901 2234 LXX
924 2169 1001 2232 viris
1024 2171 1109 2234 hane
1131 2168 1330 2232 sententiam
1352 2168 1494 2232 invenie·

216 2289 289 2367 bat,
317 2291 397 2352 haee
423 2289 532 2352 omnia
557 2289 689 2353 decreto
715 2288 768 2352 dei
793 2289 946 2352 absoluto
972 2311 1009 2352 ao
1035 2289 1122 2352 iusto
1155 2288 1246 2352 brevi
1275 2295 1424 2372 tempore
1454 2289 1496 2352 ad

215 2410 312 2472 linem
329 2410 525 2496 perductum
541 2408 591 2472 iri.
638 2410 731 2473 Quae
754 2408 919 2473 sententia
941 2430 1014 2471 eum
1038 2415 1126 2472 certe
1143 2408 1298 2472 extremis
1314 2411 1495 2492 prophetae

214 2527 322 2593 verbis
347 2528 444 2608 insit,
476 2529 590 2613 negari
614 2553 680 2593 non
708 2536 835 2612 potest,
868 2529 1056 2612 apostolum
1087 2528 1245 2592 versionis
1271 2529 1367 2591 Alex.
1396 2529 1496 2591 verba

214 2649 416 2732 allegantem
432 2672 498 2713 non
513 2648 621 2712 minus
637 2651 818 2734 prophetae
835 2646 1044 2715 satisfecisse.

748 2977 870 3032 Imeus
888 2977 962 3032 ΧΙι.

585 3132 616 3212 a)
640 3131 735 3193 Rom.
757 3134 806 3208 10,
824 3135 842 3192 5
860 3129 904 3193 ef.
921 3131 1001 3192 Lev.
1023 3135 1072 3208 18,
1090 3137 1120 3194 5.

306 3325 469 3422 Modone
494 3322 560 3422 γάρ
586 3318 713 3424 γράφει
740 3321 805 3420 τήν
832 3319 1067 3420 δικαιοσύνην
1095 3320 1160 3420 silv
1188 3330 1225 3396 ἐκ
1254 3323 1349 3417 [rori]
1378 3320 1493 3418 νόμον

213 3459 270 3535 ὅτι
298 3460 316 3533 ὁ
348 3455 507 3558 ποιήσας
536 3455 630 3533 αὐτὰ
665 3456 865 3560 ἄνθρωπος
889 3455 1033 3558 ζήσεται
1056 3467 1093 3532 ἐν
1119 3457 1213 3566 αὐτῇ
1259 3472 1489 3556 (Tischend.

212 3594 264 3658 ed.
293 3593 359 3655 Vll
388 3588 509 3674 αὐτοῖς).

296 3729 364 3796 VV.
380 3729 448 3795 LL.
477 3752 526 3790 του
545 3737 622 3792 ante
642 3751 731 3806 νομου
756 3729 864 3792 omitt.
892 3729 962 3804 8B;
994 3729 1104 3814 itaque
1130 3738 1218 3795 certe
1244 3729 1335 3792 unsis
1359 3729 1492 3793 inclusi·

184 3921 187 3927 ,
211 3874 303 3928 mus,
335 3848 528 3932 praesertim
554 3872 628 3912 eum
653 3849 693 3912 de
718 3848 860 3912 lectione
886 3849 1008 3911 codicis
1033 3847 1072 3926 A,
1100 3849 1155 3932 qui
1180 3873 1196 3912 e
1221 3872 1318 3912 versu
1343 3857 1437 3913 sexto
1462 3873 1492 3910 εκ

211 3990 332 4036 πιστεως
353 3968 547 4047 substituit,
580 3968 716 4031 iudicari
748 3991 813 4031 non
843 3968 960 4050 possit.
998 4009 1028 4015 —
1069 3991 1112 4028 ou
1133 3976 1210 4052 post
1236 3993 1336 4048 γραφει
1364 3979 1492 4053 ponunt

211 4088 320 4171 &lsed
336 4100 377 4154 80
395 4095 472 4171 post
486 4091 586 4171 νυμον)
607 4087 691 4154 AB*
712 4090 773 4152 17*
794 4091 846 4151 47.
872 4091 957 4152 67³⁶*
978 4091 1059 4168 only.
1086 4091 1180 4152 Dum.
1205 4089 1282 4152 Rul.
1308 4091 1364 4167 ab,
1391 4091 1491 4154 verba

210 4231 259 4286 την
275 4210 390 4268 δικαιοσ.
407 4230 511 4291 usque
528 4208 569 4271 ad
585 4231 674 4287 νομου
697 4207 908 4291 allegationis
933 4215 1057 4290 partem
1085 4209 1256 4272 habentes.
1304 4208 1410 4273 Iidem
1436 4231 1490 4272 ex·

211 4334 308 4411 septo
331 4329 404 4392 eod.
424 4331 462 4392 17
485 4335 523 4392 ut
544 4327 643 4392 vidtr.
667 4328 737 4411 (sed
758 4329 921 4391 secedunt
937 4328 964 4393 lt
981 4333 1011 4392 6.
1031 4333 1074 4412 9.)
1097 4329 1161 4393 sibi
1183 4335 1374 4392 constantes
1394 4329 1491 4392 omit·

210 4454 287 4517 tunt
303 4470 387 4508 amo.
420 4448 503 4513 Inde
520 4447 742 4511 Griesbuoh
759 4447 969 4512 omissionem
986 4450 1219 4528 commendat,
1236 4448 1396 4514 Laehm.
1414 4473 1490 4510 αντα
