3376 5200
809 311 848 370 29

740 397 909 408 ‚..--—-

184 517 326 602 pretatio
352 514 481 579 etiarnsi
505 513 666 597 propriam
691 517 804 574 textus
825 508 972 591 hebraici
993 507 1190 571 sententiam
1212 508 1465 590 haudquaquam

184 644 314 721 praeter
330 635 464 698 modum
478 633 593 711 laedit,
611 635 674 695 hoo
691 637 779 694 certe
795 629 909 712 negari
924 651 990 691 non
1005 627 1145 711 poterit,
1166 627 1353 710 apostolum
1369 626 1466 689 LXX

184 758 328 821 virorum
349 754 515 832 versione,
541 775 607 816 non
629 751 708 835 ipsis
729 749 836 814 verbis
859 747 1021 813 hebraicis
1043 747 1085 811 ad
1106 748 1216 811 locum
1237 753 1388 810 nostrum
1410 747 1466 809 ad-

185 878 322 941 ductum
337 874 450 937 fuisse.

690 1129 812 1184 nocua
829 1101 960 1182 xirxr.

569 1267 665 1329 Rom.
684 1269 734 1343 15,
754 1268 792 1328 21
811 1263 853 1328 ef.
872 1265 939 1326 Jes.
958 1267 1009 1342 52,
1029 1266 1079 1326 15.

274 1444 417 1532 Καθὼς
442 1451 637 1539 γέγραπται
664 1441 731 1530 Οἱς
748 1438 813 1512 οὐκ
832 1437 1006 1538 ἀνηγγέλη
1035 1441 1116 1537 περὶ
1144 1434 1272 1525 αὐτοῦ,
1296 1430 1467 1534 ὄψονται,

186 1585 247 1656 καὶ
264 1585 300 1653 οἳ
317 1578 381 1652 οὐκ
400 1576 613 1677 ἀκηκόασιν,
634 1574 867 1675 συνήσουσιν.

270 1729 337 1796 VV.
359 1728 428 1794 hh.
467 1727 491 1796 (i
519 1728 581 1791 ah:
620 1727 760 1806 απηγγελη
784 1724 893 1809 (facile
916 1728 952 1784 Π
973 1723 1093 1787 mutari
1115 1730 1247 1808 poterat
1268 1745 1309 1787 ex
1324 1723 1380 1806 N).
1426 1737 1466 1788 n:

185 1851 336 1930 ανηγγελλη
355 1851 432 1932 (non
448 1848 655 1929 correctum).
672 1885 703 1893 -
719 1862 844 1924 οψονται
871 1852 948 1908 ante
975 1867 1016 1912 ou
1052 1844 1176 1927 legitur
1202 1843 1236 1907 in
1261 1844 1333 1908 cod.
1359 1844 1389 1909 B
1415 1846 1454 1908 37
1460 1893 1467 1906 .

92 2010 99 2019 -
185 1991 262 2032 vers.
279 1975 357 2049 copi.

149 2085 160 2108 ⁹
271 2087 371 2153 LXX
391 2085 531 2148 eundem
552 2089 683 2162 textum
703 2083 863 2166 praebent
884 2084 1062 2167 praemisso
1083 2107 1134 2145 ou.
1169 2084 1259 2148 Edit.
1279 2083 1467 2167 Complut:

186 2230 250 2287 περι
268 2229 371 2277 αντων,
392 2203 502 2268 nescio
525 2202 643 2287 quibus
659 2201 731 2266 nisa
745 2201 900 2266 testibus.
931 2204 1013 2266 Post
1030 2225 1180 2280 συνησονσι
1197 2204 1288 2266 solus
1315 2204 1388 2267 cod.
1407 2207 1469 2267 144

185 2327 297 2391 Helm.
322 2325 417 2390 addit
443 2347 504 2384 σου.
945 2397 949 2400 -

271 2447 381 2514 Helu.
407 2442 537 2541 uptun)
553 2438 707 2537 trud-eb
721 2441 808 2535 iqui
829 2453 888 2532 nu
911 2437 977 2534 uu}
997 2439 1120 2539 naq-rib
1140 2441 1211 2534 sqq
1232 2453 1265 2524 u
1286 2445 1319 2506 h.
1339 2465 1367 2506 e.
1386 2465 1468 2526 quae

186 2591 253 2631 non
279 2571 429 2630 enarrata
456 2571 548 2628 erant
569 2563 609 2626 iis
631 2566 762 2648 (antea),
784 2563 962 2639 videbunt3
992 2584 1074 2646 quae
1094 2586 1161 2626 non
1182 2561 1368 2640 audierant,
1395 2583 1468 2645 per-

189 2687 322 2770 cipient.
376 2684 475 2747 Quod
504 2684 601 2747 LXX
634 2683 695 2747 viri
725 2706 788 2763 περι
819 2706 908 2744 αννον
938 2684 1081 2764 addunt,
1115 2682 1298 2746 leviuscula
1327 2681 1467 2744 mutatio

189 2829 262 2870 oum
288 2803 538 2868 Surenhusio
570 2802 633 2865 dici
669 2809 798 2886 potest;
833 2810 868 2866 at
901 2798 972 2870 ndu
1002 2803 1092 2886 prius
1125 2802 1363 2886 coniungentes
1395 2825 1469 2865 cum

188 2919 255 2993 nob
270 2924 356 3007 (inde
369 2925 437 3006 ors),
464 2924 605 2986 alterum
626 2922 820 2986 nominativi
844 2925 918 2986 loco
939 2923 1153 3006 accipientes,
1178 2923 1365 3006 argumenti
1381 2945 1468 2985 sum-

188 3067 274 3109 mam
290 3067 357 3107 non
372 3043 406 3106 in
420 3065 454 3106 re
471 3042 540 3106 visa
556 3051 590 3106 et
606 3042 718 3106 audita
739 3043 798 3106 sed
819 3043 854 3105 in
872 3042 1082 3106 audientibus
1104 3051 1285 3126 posuerunt
1306 3050 1341 3106 et
1355 3042 1469 3106 viden-

187 3165 322 3247 tibus.¹)
368 3162 493 3247 Negari
517 3186 583 3226 non
604 3163 744 3246 poterit,
768 3162 912 3246 apostoli
935 3163 1171 3246 allegationem
1187 3184 1338 3246 expresse
1355 3162 1470 3225 eadem

188 3285 363 3348 verborum
390 3282 662 3367 interpretatione
689 3283 762 3346 niti.
809 3283 882 3346 Hoc
904 3282 991 3347 enim
1013 3283 1077 3346 sibi
1096 3283 1302 3366 propositum
1326 3303 1397 3345 esse
1420 3281 1468 3344 di·
1521 3255 1522 3260 ἵ

189 3411 283 3467 xerat
308 3407 350 3486 (v.
374 3405 425 3486 20)
435 3451 445 3480 ‚
471 3409 510 3465 ut
534 3402 743 3485 evangelium
767 3403 982 3485 praedicaret,
1013 3442 1045 3450 —
1071 3425 1138 3466 non
1161 3401 1201 3465 iis
1224 3401 1324 3479 locis,
1351 3401 1469 3484 quibus
1493 3487 1494 3490 Ἴ

191 3521 317 3584 Christi
339 3528 459 3583 no'men
483 3519 548 3583 iam
572 3522 805 3603 pervulgatum
830 3529 933 3598 esset,
961 3522 1019 3584 sed
1039 3522 1126 3603 apud
1150 3522 1290 3604 populos
1315 3542 1370 3583 eos
1377 3569 1387 3599 ,
1415 3521 1470 3604 qui

191 3639 381 3723 cognitione
407 3637 532 3700 Christi
558 3639 655 3721 plane
681 3638 781 3701 etiam
805 3647 964 3703 carerent.
1011 3639 1113 3703 Vides
1137 3639 1255 3723 igitur,
1287 3639 1470 3704 versionem

191 3759 429 3824 accuratiorem
444 3757 486 3822 ad
501 3757 821 3842 argumentationem
838 3758 982 3843 apostoli
998 3758 1104 3826 minus
1120 3759 1290 3842 quadrare.

278 4140 305 4205 l)
325 4142 419 4199 Miror,
435 4141 567 4205 quomodo
580 4141 694 4205 Meyer
707 4141 775 4190 hanc
789 4142 975 4205 quaestionem
987 4143 1047 4191 loco
1060 4157 1107 4191 suo
1120 4143 1244 4192 moverit.
1281 4140 1343 4190 Illic
1356 4141 1389 4191 do
1402 4142 1469 4206 regi·

191 4227 240 4275 bus
254 4242 402 4275 sermonem
415 4243 473 4276 esse
486 4227 562 4284 dicit,
575 4241 630 4275 non
643 4226 676 4275 de
689 4227 812 4290 popuiis;
834 4243 881 4276 suo
892 4228 948 4276 iure
961 4233 1051 4278 autern
1064 4229 1215 4291 apostolum
1228 4227 1377 4290 prophetae
1390 4226 1471 4275 verbs

193 4312 274 4360 etism
292 4312 459 4375 adpopulos
481 4326 536 4360 uus
558 4327 616 4360 cum
633 4312 740 4376 regibus
763 4313 887 4362 ridentes
905 4317 933 4362 et
950 4313 1091 4363 audientes
1113 4314 1249 4363 retulisse.
1285 4314 1321 4361 st
1342 4313 1371 4361 in
1394 4316 1471 4361 textu

193 4396 268 4444 hebr.
300 4411 385 4446 sermo
414 4411 468 4446 non
493 4400 535 4445 est
560 4397 592 4446 de
618 4397 747 4447 subiectis
774 4397 959 4454 audientibus,
991 4399 1038 4448 sed
1063 4399 1095 4448 de
1125 4398 1204 4450 rebus
1227 4397 1374 4454 inauditis,
1404 4411 1470 4460 quas

192 4481 275 4531 visuri
294 4481 360 4531 sint.
