3376 5200
809 307 847 367 25

695 595 816 651 Locus
834 595 964 649 xxvl.

571 733 600 814 a)
624 732 721 794 Rom.
738 735 769 810 4,
787 733 805 794 3
823 730 866 793 of.
885 731 968 793 Gen.
988 733 1038 807 15,
1056 734 1086 793 6.

284 911 330 980 Τί
341 906 409 1005 γάρ
431 905 454 1004 ἡ
473 905 593 1006 γραφὴ
619 902 723 1006 leyen
739 904 966 980 Ἐπίστευσεν
984 904 1054 999 [δὲ]
1070 902 1238 1004 Ἀβραὰμ
1257 906 1304 1000 τῷ
1318 909 1393 1000 θεῷ
1413 906 1470 975 καὶ

190 1047 363 1141 ἐλογίσθη
382 1042 479 1142 αὐτῷ
498 1051 547 1132 εἰς
566 1023 810 1140 denutriamur.

274 1194 346 1260 VV.
364 1192 432 1260 LL.
452 1193 562 1256 nullae
571 1217 580 1268 ;
605 1198 691 1275 part.
712 1193 741 1252 ds
757 1190 844 1255 enim
865 1193 975 1274 (quam
995 1188 1108 1257 11111111
1125 1190 1168 1252 al.
1186 1188 1357 1271 omittunt)
1375 1187 1474 1252 nexui

189 1311 337 1376 inservit.
377 1313 468 1375 Bene
490 1312 645 1396 Meyer:
674 1311 824 1384 „Paulos
845 1311 918 1382 aar,
942 1332 991 1372 ννν
1007 1311 1062 1372 das
1082 1330 1171 1370 επιστ.
1192 1308 1247 1370 me
1262 1329 1389 1388 ffaozem
1415 1309 1472 1369 Ge·

190 1432 278 1494 wicht
294 1454 335 1493 σν
351 1432 401 1493 die
418 1431 520 1511 Spilze
535 1451 573 1492 νν
588 1431 710 1502 stellet,
728 1430 758 1488 de
769 1435 852 1510 qeoet
872 1435 926 1492 t.“
957 1428 1077 1492 Mirum
1099 1450 1176 1491 sane
1194 1434 1256 1506 est,
1277 1427 1365 1510 quod
1380 1427 1473 1490 loeus

3 1535 4 1592 l
108 1540 111 1545 ¹
190 1556 304 1612 noster
319 1549 353 1612 in
369 1549 466 1632 epist.
484 1549 600 1613 Jaoobi
623 1553 664 1632 (2,
684 1551 734 1632 23)
751 1571 884 1633 prorsus
907 1549 1021 1612 eadem
1039 1547 1166 1612 ratione
1188 1547 1357 1625 laudatur,
1381 1568 1473 1630 prae-

191 1668 304 1732 sertim
315 1691 390 1732 oum
405 1667 550 1732 illiolooi
561 1675 736 1733 contextus
747 1667 965 1732 inversionem
975 1669 1149 1732 verborum
1166 1666 1299 1730 minime
1315 1665 1471 1750 requirat.

244 1845 246 1848 ·
276 1807 375 1872 LXX
399 1806 539 1869 eundern
563 1813 694 1869 textum
718 1807 843 1870 habent
865 1804 1043 1888 praemisso
1065 1828 1113 1865 και
1129 1803 1210 1888 (sine
1226 1805 1278 1886 δε).
1317 1801 1474 1866 Nonnisi

191 1927 256 1989 duo
274 1925 369 1990 oodd.
381 1925 640 1988 minuso.Holm.
659 1927 782 2008 absque
799 1924 898 1989 dubio
915 1947 956 1988 ex
971 1916 1168 1988 auctoritate
1180 1923 1274 1986 Pauli
1289 1925 1319 1983 de
1334 1922 1472 1986 addunt.

192 2047 341 2128 Apparet
357 2051 467 2108 autem
484 2066 524 2108 ex
534 2044 647 2108 verbis
663 2043 825 2108 hebraiois
844 2054 934 2139 0512}ss
951 2039 984 2113 ll
999 2041 1131 2139 ῆᾉῐρηὲᾏ
1146 2053 1247 2109 nunu
1262 2042 1473 2136 tmr5fflLXX

192 2163 278 2227 viros
309 2186 429 2227 nomen
460 2163 642 2226 Abrahami
671 2186 774 2227 nexus
806 2143 903 2227 eausa
934 2163 1114 2242 addidisse,
1153 2164 1294 2226 alterum
1324 2161 1473 2226 hemisti-

192 2282 302 2347 ohium
318 2282 352 2347 in
367 2283 507 2347 formam
522 2282 687 2367 passivam
703 2290 859 2346 mutasse.
903 2283 1086 2365 Utrumque
1099 2283 1273 2366 apostolus
1294 2280 1473 2345 eversione

191 2403 327 2487 reoopit.

581 2577 615 2659 b)
639 2575 714 2638 Gal.
733 2577 763 2653 3,
782 2579 800 2638 6
818 2574 860 2639 of.
879 2575 963 2638 Gen.
982 2578 1033 2652 15,
1052 2578 1082 2638 6.

277 2750 419 2840 Kaous
431 2749 599 2849 Ἀβραὰμ
613 2755 820 2826 ἐπίστευσεν
839 2754 887 2848 τῷ
904 2758 980 2849 θεῷ
999 2754 1060 2824 καὶ
1076 2748 1167 2840 ἐλογ.
1186 2751 1259 2823 κτλ.

277 2881 428 2963 llundem
449 2899 552 2984 igitur
571 2901 682 2964 looum
697 2902 800 2965 habes
816 2900 934 2964 iterum
957 2899 1076 2964 omisso
1093 2923 1149 2972 και,
1168 2923 1242 2963 oum
1257 2900 1358 2964 verba
1373 2921 1472 2983 gene·

192 3041 264 3083 seos
295 3018 401 3082 minus
438 3020 626 3104 allegentur
658 3044 756 3104 quam
787 3020 928 3085 orationi
956 3019 1100 3104 apostoli
1135 3019 1330 3084 inserantur.
1385 3019 1473 3082 Nam

191 3163 359 3220 γεγρανιται,
388 3141 477 3224 quod
497 3139 619 3228 ΕΘΗ
634 3164 670 3222 oy
687 3145 734 3225 (at
749 3165 814 3205 non
831 3143 937 3204 σννλαλ.
955 3141 1011 3223 al.)
1029 3141 1206 3224 praebent,
1229 3140 1406 3204 delendum
1422 3148 1474 3204 est

192 3283 266 3325 oum
282 3261 378 3324 oodd.
396 3261 530 3346 reliquis
550 3261 712 3325 omnibus.

686 3519 807 3574 Locus
827 3518 977 3573 xxvn.

591 3654 688 3716 Rom.
705 3658 736 3732 4,
755 3655 793 3717 17
811 3651 854 3715 of.
872 3653 955 3716 Gen.
976 3654 1026 3730 17,
1045 3656 1075 3715 5.

276 3826 418 3918 Kaodg
433 3825 630 3929 γέγραπται
642 3824 721 3904 c'Ore
734 3826 874 3930 πατέρα
885 3831 1027 3901 πολλῶν
1042 3831 1164 3902 ἐθνῶν
1180 3825 1326 3902 τέθεικά
1342 3857 1380 3902 σε
1398 3834 1471 3904 nol.

276 3979 401 4042 Eadem
424 3979 540 4056 verba,
567 3978 687 4042 iterum
712 3978 781 4043 sine
805 3977 946 4042 notabili
969 3977 1149 4042 lectionum
1173 3945 1348 4058 varietate,
1375 3980 1472 4045 LXX

191 4099 349 4183 praebent
371 4099 467 4182 plane
489 4100 726 4182 respondentes
747 4098 856 4162 verbis
880 4097 1040 4162 hebraiois
1068 4109 1170 4192 ῆᾞηξ
1191 4097 1262 4180 mit
1277 4097 1421 4190 tilam&
1438 4117 1471 4185 '¹2

190 4191 254 4283 nisi
276 4219 363 4303 quod
384 4225 505 4300 patrem
521 4219 689 4305 frementis
711 4221 818 4282 turbae
839 4218 861 4280 i.
886 4241 914 4282 e.
944 4218 1089 4302 ingentis
1116 4217 1339 4283 multitudinis
1368 4244 1472 4304 popu·

190 4327 297 4402 lorum
319 4338 374 4422 (of.
392 4338 473 4402 alias
489 4350 557 4407 nell
571 4335 645 4422 trip)
669 4338 862 4422 simpliciter
877 4345 996 4421 patrem
1017 4341 1179 4402 νινίίννννν
1195 4340 1376 4422 populorum
1398 4342 1471 4408 red-

192 4457 356 4522 diderunt.
