3376 5200
818 307 836 368 3

272 514 323 574 Ex
339 511 389 574 his
407 511 517 578 &ABG
534 510 576 574 ad
590 517 700 572 totum
716 531 837 572 novum
853 514 1109 606 testamentum,
1130 506 1248 590 reliqui
1268 529 1334 570 non
1349 506 1413 569 nisi
1429 507 1470 570 ad

187 631 343 715 epistolas
374 630 468 694 Pauli
495 629 673 713 pertinent.
713 627 870 710 Reliquos
898 634 936 689 ut
963 626 1096 690 minoris
1124 625 1283 690 momenti
1311 626 1469 690 hocloco

186 750 388 814 omittendos
406 749 677 814 existimavimus.

271 872 298 933 E
316 870 485 934 codicibus
508 868 722 953 epistolarum
744 867 840 931 Pauli
861 865 1054 930 minusculis
1076 865 1351 930 Tischendorf
1368 867 1468 929 hosce

185 989 332 1074 inprimis
350 990 574 1054 commendat:
595 994 623 1054 1.
645 992 695 1053 17.
714 992 767 1052 31.
785 989 837 1052 47.
857 992 907 1050 55.
927 989 965 1051 67
984 985 1142 1070 (inprimis
1159 985 1281 1051 67111.
1300 1007 1328 1048 e.
1347 984 1469 1048 codicis

187 1113 225 1174 67
243 1134 358 1173 manus
375 1111 480 1174 altera
495 1109 641 1193 proxime
663 1109 704 1172 ad
720 1095 919 1170 Vaticanum
944 1106 1115 1190 accedens)
1134 1109 1185 1170 80.
1204 1110 1277 1170 108.
1298 1110 1369 1169 109.
1390 1108 1463 1169 137.
1524 1140 1539 1168 0

271 1231 298 1292 E
317 1229 485 1293 codicibus
501 1229 635 1292 Italae
657 1229 699 1291 ad
721 1226 880 1310 epistolas
896 1225 992 1289 Pauli
1007 1224 1249 1309 pertinentibus
1271 1224 1306 1288 hi
1322 1247 1399 1307 prae
1417 1247 1468 1288 ce-

186 1349 264 1412 teris
281 1349 418 1413 notandi
434 1355 526 1412 sunt:

401 1469 473 1530 cod.
492 1470 512 1530 11
528 1467 560 1550 (1.
580 1489 608 1530 3.
628 1467 731 1530 versio
748 1465 852 1529 latina
869 1465 975 1529 codici
989 1467 1020 1532 Ι)
1036 1465 1173 1548 addita).

401 1588 472 1650 cod.
492 1609 507 1650 e
524 1587 640 1670 (versio
657 1587 716 1650 lat.
737 1585 926 1669 3311131311).

400 1707 511 1793 codf
521 1706 639 1790 (versio
655 1707 715 1770 lat.
734 1707 807 1770 cod.
825 1707 875 1790 F).

400 1827 508 1908 codp
525 1827 642 1911 (versio
658 1827 718 1890 131.
738 1827 810 1890 cod.
829 1825 881 1909 (i).

395 1969 456 2026 pac
473 1947 505 2029 (i.
524 1969 552 2010 3.
571 1947 924 2030 Guelferbytanus
941 1967 1026 2010 saec.
1046 1945 1118 2029 71).

272 2065 299 2126 Ε
317 2065 485 2128 codicibus
501 2067 710 2148 Vulgatae
726 2065 884 2129 versionis
901 2069 962 2129 hos
979 2086 1167 2128 enumerare
1185 2064 1344 2129 sufficiat:

186 2207 245 2247 oro.
264 2183 514 2266 (Amiatinus
531 2207 616 2248 saec.
635 2186 713 2269 71),
729 2186 821 2270 fuld.
839 2184 1105 2268 (Fuldensis)‚
1124 2187 1178 2248 tol.
1197 2185 1466 2269 (Toletanus).

271 2304 412 2388 Reliqua
432 2304 619 2368 versionum
642 2311 675 2368 et
696 2311 828 2388 patrum
848 2304 934 2387 sigla
950 2326 1013 2388 ,per
1032 2325 1066 2366 se
1094 2304 1270 2368 manifesta
1294 2327 1360 2368 non
1385 2313 1466 2384 erat,

188 2445 244 2486 cur
260 2423 391 2506 singula
407 2447 668 2488 enumeraremus
676 2449 685 2501 ς
711 2423 900 2488 obscuriora
916 2423 983 2486 suis
998 2423 1081 2486 locis
1098 2424 1340 2507 exscripsimus.

273 2893 432 2950 Praeterea
447 2892 631 2952 editionibus
647 2897 678 2952 31
694 2895 847 2952 codicibus
863 2893 901 2951 ad
919 2897 1037 2951 textum
1052 2893 1209 2970 utriusque
1224 2895 1401 2954 testamenti
1422 2914 1468 2952 ac-

188 2994 321 3052 curatius
337 2995 554 3072 exquirendum
569 2997 616 3054 usi
632 3018 734 3054 sumus
749 2998 810 3055 fere
826 2997 888 3054 his:

272 3098 416 3155 Novum
439 3102 714 3158 testamentum
735 3119 877 3176 graece.
915 3099 964 3157 Ad
986 3099 1127 3176 antiquos
1142 3101 1235 3158 testes
1252 3100 1351 3158 denuo
1367 3120 1468 3159 recen·

187 3200 248 3257 suit
264 3201 296 3258 C.
314 3201 576 3260 Tischendorf
588 3201 697 3277 (editio
714 3205 774 3261 711
790 3203 895 3260 critica
909 3201 1027 3280 major).
1037 3197 1063 3275 ¹)

272 3303 396 3361 Codex
411 3305 620 3364 bibliorum
637 3306 851 3364 Sinaiticus
868 3303 1006 3380 (331111),
1023 3324 1112 3383 quem
1128 3325 1182 3382 per
1196 3305 1343 3364 antistitis
1358 3306 1468 3365 biblio·

186 3405 291 3462 thecae
307 3407 451 3464 Paulinae
467 3408 682 3466 liberalitatem
704 3410 870 3467 secundum
892 3408 1057 3466 editionem
1077 3427 1219 3484 magnam
1234 3407 1403 3466 uncialibus
1420 3430 1467 3466 ex·

187 3525 318 3582 pressam
334 3509 468 3565 conferre
483 3509 559 3566 mihi
574 3511 670 3567 licuit.

272 3609 391 3665 Vetus
413 3613 451 3666 et
472 3631 608 3668 novum
629 3614 777 3668 testam.
801 3631 835 3669 ex
857 3611 1067 3687 antiquissimo
1089 3611 1191 3668 codice
1207 3611 1355 3670 Vaticano
1371 3613 1468 3671 edidit

186 3710 317 3786 Angel.
334 3711 466 3769 Maius.
497 3713 576 3770 Voll.
594 3715 629 3770 V.
661 3711 883 3772 1131331857.

272 3813 417 3872 Novum
439 3818 589 3874 testam.
612 3816 841 3874 Vaticanum
863 3836 897 3874 ex
919 3835 1008 3893 opere
1023 3816 1134 3892 Angeli
1150 3817 1351 3896 Maiimajore
1367 3818 1467 3877 denuo

187 3915 284 3974 edidit
300 3917 332 3974 O.
350 3919 587 3977 Vercellone.
618 3921 706 3978 Rom.
725 3921 816 3978 1859.
826 3913 852 3993 ²)

275 4117 300 4182 1)
320 4119 446 4168 Codicum
459 4122 666 4170 minusculorum
679 4121 811 4170 lectiones
824 4121 923 4185 passim
936 4121 1076 4171 attulimus
1089 4122 1170 4171 etiam
1187 4138 1201 4172 3
1221 4122 1378 4172 Scholaio
1393 4123 1465 4188 (nor.

187 4209 252 4254 test.
265 4221 367 4268 graece.
383 4205 452 4254 Voll.
465 4205 501 4254 ΙΙ.
510 4206 584 4270 Lips.
597 4205 752 4269 18303136)
766 4211 794 4256 31
807 4207 996 4255 Wetstenio
1011 4202 1039 4272 (ἡ
1052 4205 1126 4272 καινὴ
1140 4205 1256 4274 διαθήκη
1270 4213 1322 4258 313.
1338 4209 1466 4259 editionis

189 4295 313 4354 receptae
326 4307 384 4340 oum
396 4292 560 4340 lectionibus
572 4293 748 4342 variantibus.
770 4293 883 4340 Amstel.
896 4291 927 4342 17
931 4295 961 4340 51
976 4290 1041 4356 sq.).

272 4391 300 4454 2)
317 4393 579 4444 Tischendorfii
598 4395 730 4458 judicium
752 4395 878 4444 deMoii
897 4398 925 4444 31
939 4395 1152 4446 Vercellonii
1170 4397 1410 4448 editionibusvide
1423 4398 1451 4447 in

187 4472 284 4524 Numan
296 4480 353 4524 test.
373 4476 463 4538 Varia,
478 4481 563 4544 praei.
578 4497 604 4544 p.
617 4481 668 4529 VII
681 4483 709 4529 31
721 4479 783 4528 XII.

1217 4585 1255 4645 l*
