3376 5200
773 314 944 408 *ῆν-
1028 380 1030 386 ,

218 523 252 579 et
274 517 334 580 sub
351 517 451 578 finem
466 514 560 578 addit
578 537 626 575 και
644 535 682 582 εις
701 517 892 592 ανταποδομα
911 535 1007 581 sorore
1031 517 1218 597 (utrumque
1243 534 1260 575 e
1282 535 1368 576 novo
1390 515 1497 596 test).

223 675 254 682 -
275 637 450 698 Praeterea
466 635 556 698 solus
573 634 645 697 eod.
665 637 727 698 274
745 634 848 698 habet
867 635 1066 711 ανναποδομα.

305 755 489 838 Apostolus
505 753 609 836 igitur
624 753 743 817 leviter
758 760 888 817 tantum
906 777 925 818 a
940 753 1089 817 versione
1105 751 1247 830 resedit,
1273 752 1374 816 verba
1398 774 1446 813 και
1463 773 1501 819 εις

220 881 316 955 θηραν
336 874 471 951 addens,
490 872 638 937 ordinem
654 873 715 936 sub
732 873 832 936 finem
847 873 1026 937 invertens.
1060 872 1210 956 Denique
1231 874 1421 950 ανταποδομα
1442 894 1500 955 pro

219 996 410 1055 avroaodoow
425 993 573 1076 praebet.
608 993 793 1077 Utrumque
809 999 979 1076 praeterea
994 992 1028 1055 in
1044 1014 1128 1055 novo
1144 998 1224 1055 test.
1244 991 1299 1075 (ef.
1318 992 1391 1055 Col.
1404 995 1434 1069 3,
1447 995 1498 1054 et.

218 1115 301 1178 Lue.
321 1118 370 1192 14,
390 1115 441 1196 le)
458 1113 593 1196 legitur.
632 1113 744 1176 Verba
761 1137 810 1174 και
827 1135 866 1181 εις
885 1119 982 1194 θηραν
997 1114 1120 1196 absque
1138 1111 1237 1175 dubio
1256 1133 1272 1174 e
1288 1111 1362 1174 loeo
1375 1112 1498 1174 Psalm.

219 1237 270 1312 35,
290 1240 308 1298 8
324 1232 513 1296 memoriter
528 1233 624 1296 illata
639 1240 728 1312 sunt,
746 1234 804 1298 ubi
820 1255 905 1313 παγις
924 1240 958 1296 et
978 1239 1060 1312 θηρα
1077 1231 1252 1294 coniuncta
1267 1232 1436 1314 leguntur.

304 1353 416 1417 Minus
432 1359 584 1416 accurate
600 1353 694 1417 LXX
710 1353 771 1416 viri
786 1353 1000 1417 reddiderunt
1015 1351 1169 1416 hebraioa
1185 1347 1303 1445 00³3ss
1319 1345 1501 1448 030}l{“1·,12

218 1485 313 1567 ven
342 1485 430 1562 ven
460 1484 604 1566 nerine
634 1472 746 1566 svn
773 1485 887 1565 υννν
915 1469 1052 1566 oreste
1083 1466 1220 1569 τνννὲ
1250 1466 1408 1562 enimn
1438 1464 1502 1563 ne

220 1596 253 1656 h.
272 1615 301 1657 e.
316 1597 380 1678 fiat
401 1615 504 1655 measa
526 1615 626 1655 eoram
648 1615 747 1655 eorem
763 1594 838 1675 speie
855 1594 1011 1656 tendicula
1029 1599 1057 1655 et
1072 1592 1186 1655 seceris
1203 1598 1291 1674 (paee
1302 1591 1501 1676 fruentibus)

220 1715 358 1798 laqueos.
410 1713 629 1776 eloquerentur
645 1735 746 1775 eorum
761 1714 860 1787 oculi,
884 1719 918 1776 ut
933 1714 1036 1775 radere
1055 1692 1206 1796 nequeant
1227 1718 1256 1774 et
1272 1712 1386 1774 loomboe
1402 1732 1503 1772 eoram

219 1855 333 1915 seraper
347 1832 530 1895 ancillantes
545 1835 648 1895 redde.
673 1832 849 1916 Legebant
863 1833 966 1916 igitur
982 1825 1126 1925 hildilid}
1141 1834 1174 1894 h.
1188 1854 1216 1894 e.
1228 1831 1262 1893 io
1274 1830 1503 1893 retribationem

221 1953 277 2037 (ef.
302 1960 347 2016 et.
370 1954 531 2036 Symm:
563 1975 668 2028 γενοιτο
686 1975 703 2030 η
720 1975 807 2032 spon.
820 1991 850 1998 -
863 1929 901 2020 ire
918 1955 1025 2032 nayedoe
1044 1976 1092 2013 και
1110 1973 1148 2020 εις
1165 1974 1301 2031 τιμωριαν
1319 1952 1402 2034 κτλ).
1435 1952 1503 2013 Vo-

221 2095 293 2136 eem
314 2082 404 2159 ΦΡἸὉ
425 2072 492 2136 fere
515 2093 644 2155 semper
666 2071 772 2134 minus
789 2079 941 2136 aoourate
957 2073 1102 2136 reddunt
1117 2072 1277 2133 ouovdoiov
1295 2069 1388 2153 (alias
1405 2071 1504 2134 etiam

221 2215 306 2274 παγις
325 2199 360 2256 et
378 2194 517 2276 σκωλον);
548 2199 583 2255 at
609 2215 742 2274 prorsus
767 2193 922 2256 aberrant
951 2191 984 2255 in
1010 2191 1177 2256 vertendis
1201 2190 1310 2255 verbis
1336 2177 1499 2254 extremis

221 2325 323 2382 ntiae
342 2320 473 2396 praeter
494 2313 605 2375 looum
626 2319 864 2376 nostrumnon
885 2311 948 2375 nisi
969 2312 1071 2376 semel
1092 2312 1125 2374 in
1148 2311 1282 2394 psalmis
1299 2309 1421 2393 legitur
1437 2311 1501 2392 (66,

223 2435 274 2518 11)
283 2458 292 2510 ;
318 2441 458 2516 utroque
474 2433 548 2496 loeo
565 2432 726 2515 interpres
743 2433 923 2496 Alexandr.
942 2454 1059 2496 voeem
1073 2452 1162 2498 νωνος
1178 2433 1325 2514 praebet.
1361 2433 1504 2512 Aposto-

223 2555 274 2638 lus
290 2553 392 2618 etiam
407 2551 469 2617 hae
485 2553 520 2616 in
534 2571 569 2616 re
585 2551 770 2617 versionem
786 2552 966 2616 Alexandr.
985 2551 1180 2635 simpliciter
1195 2551 1332 2634 recepit.

730 2845 853 2902 boens
870 2845 998 2901 ΧΙΝΙ.

587 3003 617 3084 a)
634 2999 730 3062 Rom.
750 3003 801 3078 11,
819 3001 860 3063 34
878 2999 921 3062 ef.
939 3001 1007 3063 Jes
1024 3003 1077 3077 le,
1096 3002 1146 3062 13.

311 3199 375 3284 Τίς
398 3191 466 3294 γὰρ
494 3201 581 3284 ἔγνω
606 3196 695 3265 νοῦν
712 3196 855 3293 κνρίον;
884 3189 907 3289 ἢ
928 3195 979 3281 είς
998 3187 1203 3286 σύμβουλος
1222 3187 1336 3264 αὐτοῦ
1356 3196 1505 3284 ἐνένενο;

310 3345 392 3408 Cod.
410 3343 465 3409 D*
482 3345 528 3426 (et
543 3344 596 3426 di)
613 3365 670 3426 pro
691 3365 788 3422 κυριου
808 3342 946 3424 praebet
962 3347 1036 3401 θεον
1052 3347 1167 3404 eontra
1183 3339 1326 3422 reliquos
1344 3359 1468 3401 omnes.

309 3481 419 3549 LXX.
471 3471 535 3556 Τίς
559 3475 647 3560 ἔγνω
674 3469 761 3539 νοῦν
784 3470 911 3567 κυρίου
931 3468 991 3538 καὶ
1015 3469 1068 3554 νίς
1091 3462 1205 3538 αὐτοῦ
1224 3460 1429 3558 σύμβουλος
1446 3465 1505 3553 (al.

225 3604 331 3702 σύμβ.
352 3606 479 3700 αὐτού)
500 3612 647 3696 ἐγένετο,
668 3597 708 3692 ὃς
725 3605 885 3702 σνμβιβᾴ
905 3603 965 3698 (al.
986 3597 1219 3697 σνμβιβᾶσει)
1238 3596 1361 3674 αὐτόν.

309 3757 374 3819 Pro
394 3778 443 3815 και
460 3775 501 3821 τις
529 3753 624 3816 eodd.
650 3759 718 3815 tres
744 3751 882 3815 minuse.
910 3758 944 3814 et
969 3751 1048 3815 edit.
1079 3751 1248 3834 Complut.
1281 3773 1355 3813 oum
1379 3749 1507 3812 Paulo

225 3876 385 3960 praebent
401 3898 418 3952 η
436 3895 503 3959 seer
524 3872 671 3936 ordinem
687 3872 848 3952 σνμβουλος
861 3892 950 3932 aaron
980 3877 1113 3935 servant
1142 3869 1263 3937 AXII
1278 3874 1336 3948 41,
1369 3892 1508 3954 quorum

224 3996 403 4060 lectionem
427 3993 527 4058 etiam
552 3992 586 4055 in
610 3991 719 4056 verbis
745 3990 900 4054 extremis
925 3991 1071 4054 Paulus
1102 3989 1252 4074 sequitur
1277 3989 1366 4074 (vide
1391 3989 1506 4072 infra).

225 4118 349 4180 Textus
370 4113 556 4199 hexaplaris
578 4134 655 4176 sane
679 4133 753 4175 oum
772 4110 881 4175 verbis
903 4133 1001 4193 supra
1024 4109 1197 4194 exscriptis
1213 4111 1311 4194 plane
1329 4108 1505 4173 consentit.

230 4276 261 4285 -
277 4236 460 4318 Apostolus
476 4233 589 4316 igitur,
608 4254 681 4295 oum
697 4231 872 4295 verborum
888 4253 977 4290 αννον
987 4232 1069 4312 σνμβ.
1085 4230 1226 4294 inversio
1243 4236 1355 4314 aperte
1370 4228 1509 4293 testium

227 4354 528 4439 antiquissimorum
554 4351 753 4416 auctoritate
774 4349 915 4428 nitatur,
941 4373 1009 4414 non
1028 4351 1092 4414 nisi
1114 4373 1152 4414 eo
1173 4351 1299 4416 reoedit
1321 4374 1340 4414 a
1358 4349 1507 4413 versione

226 4479 344 4555 Alex,
371 4474 460 4558 quod
484 4496 542 4557 pro
568 4497 616 4533 και
634 4494 676 4538 τις
697 4470 834 4554 praebet
856 4493 872 4547 η
890 4492 932 4538 τις
950 4478 984 4535 et
1006 4473 1106 4536 verba
1128 4481 1275 4535 extrema
1296 4469 1434 4534 omittit.
