3376 5200
739 399 748 403 -
765 310 908 404 ΕΞ--

184 511 399 577 Tischend.
424 510 528 576 edidit
544 533 593 571 sav
612 533 661 572 ουν
680 533 708 574 c.
726 512 881 579 DfflEIr
898 509 970 575 aliis
986 511 1086 594 longe
1107 511 1291 594 plerisque,
1318 510 1463 594 Chrys.

184 631 332 699 Theod.
350 633 393 695 al.
432 630 582 714 Denique
598 652 649 691 sar
667 629 786 694 omisso
808 653 857 692 ουν
875 631 1035 715 praebent
1057 629 1172 696 Dure
1187 630 1230 692 al.
1255 631 1371 693 tellit*
1387 630 1465 715 cfp

179 751 279 836 queis.
299 752 408 834 etc.¹).
439 789 470 799 -
497 753 598 813 Porro
624 750 697 814 cod.
714 750 743 817 A
766 750 902 834 (incuria
917 757 955 813 ut
970 750 1073 834 vdtrl:
1098 765 1227 829 ψωμισει
1255 749 1345 812 eolus
1361 749 1390 815 Β
1407 751 1464 832 (et.

185 868 321 933 exedit.
339 869 546 954 Tischend.):
571 893 617 931 em
634 892 683 948 sps·
701 873 828 949 κιφαλης
846 893 944 931 αυτου.

269 990 368 1056 LXX
390 1013 440 1050 ιαν
462 1011 543 1050 nerra
562 991 629 1058 κτλι
659 989 786 1073 reliqua
810 990 897 1054 enim
919 989 1043 1074 optime
1065 987 1278 1051 conveniunt.
1324 988 1388 1050 Pro
1404 1002 1467 1064 ψω-

183 1107 243 1185 μιζε
260 1109 420 1192 praebent
445 1131 530 1188 ιριφε
548 1109 602 1175 &A
627 1117 661 1172 et
683 1109 856 1173 duodecim
882 1110 978 1173 codd.
1000 1108 1138 1172 minusc.
1163 1107 1292 1182 Holm.;
1321 1106 1394 1171 cod.
1421 1107 1466 1172 23

183 1228 285 1292 adeo:
312 1251 398 1308 τριφε
422 1251 509 1289 avrea
528 1251 607 1308 αριω
632 1227 688 1311 (cf.
714 1236 843 1292 textum
869 1229 987 1312 hebr).
1035 1227 1119 1290 Cum
1143 1227 1265 1290 Paulus
1290 1226 1466 1290 lectionem

183 1345 296 1426 ψωμιζι
314 1355 447 1411 secutus
469 1347 529 1425 sit,
556 1347 633 1410 huic
655 1347 863 1431 antiquitatis
886 1349 996 1431 palma
1015 1346 1147 1411 videtur
1167 1345 1354 1409 tribuenda.
1395 1345 1467 1409 Hoc

184 1473 296 1530 autem
312 1488 329 1529 e
346 1487 508 1530 consensu
525 1437 713 1533 codicum's
730 1474 763 1530 et
778 1467 807 1533 A
824 1475 970 1551 apparet,
990 1489 1076 1547 rosor
1100 1467 1247 1550 glossam
1278 1487 1348 1528 esse
1373 1472 1467 1528 vetu-

185 1584 380 1664 stissimam,
412 1585 553 1661 fortasse
577 1586 653 1651 inde
679 1594 802 1666 ortam,
843 1588 932 1670 quod
956 1609 1020 1650 vox
1045 1585 1152 1649 minus
1176 1585 1301 1648 usitata
1331 1584 1467 1664 ψωμιζειι

184 1705 457 1788 interpretatione
482 1727 578 1789 egere
595 1705 780 1771 videbatur.
804 1747 835 1754 —
855 1731 886 1770 v.
907 1711 941 1770 21
964 1707 1036 1770 cod.
1054 1706 1083 1772 A
1100 1729 1164 1769 om.
1189 1726 1288 1784 πυρος.
1316 1744 1346 1752 -
1371 1718 1393 1771 s
1419 1707 1468 1788 (ut

185 1825 272 1888 vdtr.
292 1825 393 1908 solus)
416 1848 474 1909 pro
496 1848 583 1886 ποιων
603 1826 718 1890 scribit
742 1849 863 1904 corneas·
897 1833 931 1890 et
953 1827 1013 1889 sub
1037 1825 1152 1889 finem:
1189 1848 1234 1886 ern
1255 1846 1304 1902 της
1322 1827 1467 1901 nepetam

184 1951 359 2026 utrumque
391 1952 556 2008 corrector
587 1945 630 2006 Oa
659 1947 700 2010 ad
730 1969 878 2009 normam
906 1946 979 2010 cod.
1007 1947 1036 2011 B
1061 1944 1214 2008 mutavit.
1262 1943 1367 2007 Simul
1391 1942 1467 2006 inde

178 2068 337 2146 apparet,
363 2063 539 2126 lectionem
565 2065 686 2128 codicis
709 2066 739 2130 B
763 2064 797 2128 in
818 2088 893 2128 nov.
910 2073 991 2129 test.
1015 2071 1071 2148 (em
1088 2087 1137 2142 της
1154 2066 1227 2147 usp.)
1246 2085 1320 2140 ¹non
1343 2061 1468 2126 incuria

184 2182 353 2266 irrepsisse
370 2183 429 2246 sed
443 2182 581 2246 testium
597 2183 807 2266 antiquorum
823 2185 1021 2248 auctoritate
1038 2183 1110 2248 niti.

271 2303 302 2365 A
329 2301 437 2366 verbis
465 2303 627 2366 hebraicis
653 2302 769 2396 mppr]
794 2316 946 2396 surg-us]
974 2299 1040 2394 epi
1067 2298 1209 2395 natasse]
1233 2298 1318 2394 astu
1339 2312 1468 2392 :sp-us

185 2420 272 2514 ἰιᾲιέι
297 2421 335 2502 tr
363 2421 437 2514 aas
461 2435 533 2513 aps
553 2418 652 2514 urit-p
673 2436 706 2506 ιι
723 2434 805 2514 21:7⁷3
826 2423 920 2487 LXX
946 2446 1011 2486 non
1035 2422 1097 2486 nisi
1119 2445 1156 2486 eo
1179 2422 1353 2498 recedunt,
1381 2422 1469 2502 quod

186 2541 279 2626 panis
296 2549 330 2606 et
349 2566 451 2626 aquae
472 2543 673 2607 mentionem
692 2566 758 2607 non
774 2507 899 2607 habent
905 2592 915 2621 ‚
940 2541 1135 2626 particulam
1152 2555 1184 2607 Ὁ
1203 2563 1316 2605 versus
1333 2540 1469 2604 secundi

187 2661 321 2726 liberius
346 2670 496 2727 vertunt:
527 2687 612 2724 τουτο
631 2687 686 2743 γαρ
705 2687 800 2725 ποιων.
844 2665 1025 2747 Utramque
1043 2639 1259 2726 mutationem
1280 2661 1468 2724 Pauluse

189 2781 335 2846 versione
357 2783 492 2865 recepit.

700 2974 822 3029 Locus
839 2976 949 3030 XXX.

558 3111 653 3174 Rom.
674 3115 723 3188 15,
742 3115 781 3175 10
799 3110 841 3174 cf.
859 3111 959 3174 Deut.
978 3114 1029 3189 32,
1047 3115 1099 3174 43.

273 3289 347 3358 Καὶ
366 3284 476 3359 πάλιν
494 3290 583 3378 λέγει
608 3283 852 3388 Εὐφράνθητε
871 3295 963 3386 ἔθνη
982 3285 1071 3381 μετά
1096 3289 1159 3358 τοῦ
1178 3289 1268 3358 λαοῦ
1287 3282 1411 3358 αὐτοῦ.

273 3436 397 3498 Eadem
421 3434 548 3497 ratione
573 3434 669 3497 Lxx
694 3435 755 3498 viri
779 3437 879 3498 verba
902 3437 984 3498 haee
1011 3427 1153 3498 reddunt
1183 3433 1337 3498 hebraica
1367 3443 1470 3524 ttffi'p'j

188 3552 251 3644 ire&
272 3551 352 3634 ΕἻἾΆ.
398 3553 508 3614 Pauca
529 3554 610 3614 haec
632 3555 746 3630 verba,
773 3575 855 3636 quae
877 3555 938 3616 sub
968 3555 1066 3616 finem
1089 3551 1240 3615 carminis
1266 3550 1469 3615 celeberrimi

188 3671 292 3736 Mosis
317 3671 491 3753 leguntur,
524 3670 698 3734 maximam
724 3671 958 3735 difficultatem
988 3678 1163 3735 moverunt
1186 3669 1467 3755 interpretibus.²)

187 3793 373 3856 Verborum
388 3789 475 3854 cnim
491 3779 719 3855 hebraicorum
739 3791 845 3856 versio
866 3791 988 3876 triplex
1012 3791 1116 3856 statui
1136 3799 1264 3876 potest:
1292 3793 1323 3874 1)
1347 3791 1467 3876 efficite,

274 4034 301 4097 1)
321 4035 435 4100 Meyer
461 4053 506 4084 ιαν
531 4034 640 4096 (omisso
660 4037 716 4100 oro)
736 4037 940 4100 praeferendum
964 4040 1071 4096 censet,
1099 4037 1169 4101 quod
1194 4037 1312 4100 reliquae
1337 4037 1469 4085 lectiones

188 4137 279 4170 omnes
293 4136 347 4170 non
360 4121 413 4170 nisi
426 4122 505 4170 nexui
517 4123 677 4171 accuratiori
690 4122 828 4172 studeant.
850 4123 931 4172 Recte
945 4123 994 4171 hoc
1009 4123 1042 4172 de
1055 4124 1172 4172 lectione
1185 4139 1230 4171 ιαν
1242 4139 1287 4172 oro
1299 4123 1356 4170 sola
1368 4126 1469 4179 monet,

189 4223 265 4272 quam
280 4207 342 4256 indo
355 4210 439 4256 ortam
453 4207 589 4266 existimo,
611 4208 683 4271 quod
696 4209 797 4258 scribac
811 4209 838 4256 in
852 4209 1044 4258 coniunctione
1057 4209 1125 4260 atra
1141 4226 1186 4256 εαν
1204 4196 1390 4265 offendebant,
1410 4223 1468 4256 eum

188 4294 241 4342 loci
255 4296 396 4341 contextus
410 4308 464 4342 non
477 4294 629 4357 oppositum
642 4292 734 4356 (erla)
748 4293 795 4342 sed
808 4295 1007 4344 conclusionem
1019 4295 1178 4358 requireret.

275 4394 303 4456 2)
331 4393 401 4452 Quid
422 4395 494 4458 quod
515 4393 674 4445 Calvinus
698 4396 731 4446 de
750 4398 821 4445 iusta
841 4397 1070 4461 interpretatione
1087 4401 1119 4446 ut
1139 4396 1247 4446 videtur
1268 4397 1413 4461 desperans
1435 4395 1469 4448 ad

189 4481 276 4528 locum
293 4481 453 4543 psalmorum
465 4481 507 4537 67,
521 4483 536 4528 5
550 4496 693 4544 provocare
705 4482 809 4530 maluit.
