3376 5200
807 329 847 388 49

741 416 912 425 u——--··

185 529 303 592 leviter
319 531 359 592 ab
376 537 515 612 utroque
532 536 628 592 textu
644 529 779 592 recedit.
826 528 990 592 Hebraica
1006 528 1092 591 enim
1108 530 1190 591 haee
1213 534 1290 591 sunt
1312 523 1467 621 tapetio]

185 643 265 741 5:235
289 644 425 742 σξιο-55
449 646 519 740 ποις
544 644 725 739 nmmo-bs
750 644 852 740 coms
877 647 973 742 nrum
997 644 1137 742 big-jam.
1184 648 1323 710 Paulum
1347 647 1467 710 iterum

187 768 374 831 memoriter
399 769 600 852 allegantem
626 768 757 851 singula
781 774 944 846 mutasse,
971 767 1036 831 iam
1057 771 1142 831 hanc
1165 767 1206 831 ob
1230 790 1362 831 causam
1383 766 1466 830 veri-

187 888 390 951 simillimum
406 895 473 966 est,
501 889 700 971 quodmodo
718 910 848 952 versum
864 887 963 951 alium
981 887 1127 952 eiusdem
1147 888 1264 970 capitis
1287 887 1467 950 secundum

186 1009 368 1072 versionem
385 1010 482 1072 Alex.
501 1008 704 1072 laudaverat.
751 1009 906 1072 Ceterum
922 1007 956 1070 in
971 1029 1068 1071 versu
1083 1015 1196 1071 nostro
1212 1031 1277 1071 non
1293 1007 1394 1071 verba
1410 1006 1468 1069 sed

186 1151 317 1192 sensum
332 1129 435 1192 libere
451 1128 577 1204 reddit;
600 1135 801 1212 quantopere
818 1134 928 1192 autem
945 1129 998 1191 vel
1014 1127 1179 1192 liberrime
1196 1129 1344 1211 allegans
1362 1149 1379 1190 e
1395 1149 1466 1190 ver-

185 1248 275 1312 sione
296 1249 393 1312 Alex.
417 1249 577 1331 pendeat,
604 1247 709 1312 forma
732 1271 766 1323 νη
784 1249 874 1308 Βααλ
892 1249 944 1331 (de
969 1247 1098 1331 generis
1124 1248 1243 1310 mutati
1270 1246 1375 1311 causis
1391 1247 1466 1311 vide

185 1369 333 1452 Meyer.
359 1370 401 1432 ad
422 1371 455 1431 h.
474 1370 510 1451 1.)
535 1368 680 1430 ostendit
687 1393 695 1444 ;
722 1390 804 1450 quae
827 1391 901 1431 cum
923 1367 954 1430 in
977 1370 1212 1451 prophetarum
1235 1367 1383 1431 versione
1409 1366 1464 1450 (cf.

186 1487 266 1549 Hos.
286 1493 315 1565 2,
329 1493 358 1550 8.
377 1489 478 1571 Zeph.
496 1493 524 1566 l,
537 1493 574 1562 4·;
593 1487 712 1570 ubique
729 1488 816 1571 apud
832 1488 1017 1566 Jeremiam‚
1036 1495 1071 1551 at
1087 1511 1153 1551 non
1168 1489 1241 1551 loeo
1259 1491 1384 1571 nostro)
1402 1509 1467 1550 non

185 1628 257 1668 raro
285 1607 432 1689 legatur,
459 1607 602 1690 apostoli
624 1607 798 1670 memoriae
821 1615 980 1691 tanquam
1002 1608 1108 1692 magis
1131 1607 1231 1672 infixa
1254 1614 1341 1686 erat,
1369 1629 1464 1690 quam

185 1725 243 1790 illa
262 1749 302 1785 rm
320 1729 419 1786 Βααλ.
439 1767 471 1774 -
492 1727 567 1790 Non
585 1727 692 1790 minus
709 1726 814 1790 forma
833 1730 999 1800 κατελιπον,
1019 1750 1101 1812 quae
1123 1735 1237 1792 textus
1261 1730 1352 1792 hebr.
1370 1751 1467 1790 usum

185 1844 327 1909 indicare
348 1847 538 1926 videbatur,
565 1869 582 1910 e
604 1847 708 1911 libera
730 1847 897 1930 allegandi
918 1847 1044 1911 ratione
1061 1848 1254 1932 explicanda
1277 1848 1350 1912 erit.
1396 1848 1466 1911 Pri·

186 1989 272 2026 mum
291 1966 377 2028 enim
393 1967 577 2029 accuratius
593 1968 789 2030 vertendum
805 1975 876 2030 erat
891 1970 1074 2046 καταλαψοο,
1093 1975 1132 2030 ut
1146 1968 1367 2053 versiovulg.
1380 1969 1466 2052 (vide

186 2087 293 2167 supra)
311 2091 345 2146 et
362 2085 441 2147 edit.
460 2086 589 2169 Compl.
607 2108 641 2149 re
658 2108 734 2149 vera
749 2089 925 2169 praebent,
950 2087 1067 2150 deinde
1089 2088 1228 2151 mutatio
1244 2089 1321 2152 inde
1336 2089 1467 2152 videtur

186 2214 258 2267 orta
280 2226 368 2282 esse,
396 2206 483 2287 quod
505 2204 691 2288 ubicunque
714 2207 754 2269 de
775 2206 922 2288 reliquiis
941 2207 1056 2290 populi
1072 2207 1133 2270 deo
1150 2207 1250 2272 sacris
1266 2210 1367 2273 verba
1382 2209 1467 2272 fiunt

186 2323 446 2406 (cf.Jes.6,13.
472 2325 594 2388 Ezeeh.
615 2330 644 2403 5,
663 2331 681 2388 5
698 2349 747 2408 sq.
766 2327 823 2409 al.)
847 2327 980 2390 eaedem
1002 2327 1174 2390 voluntate
1198 2328 1249 2390 dei
1271 2328 1466 2412 superstites

185 2442 354 2522 dicuntur,
381 2467 447 2507 non
472 2445 651 2507 hominum.
700 2446 801 2508 Cuius
826 2446 995 2509 doctrinae
1020 2468 1144 2509 memor
1169 2449 1340 2530 apostolus
1366 2448 1466 2512 etiam

184 2571 296 2626 nostro
313 2565 386 2627 loco
403 2565 521 2627 falsam
537 2564 632 2628 LXX
647 2565 791 2628 virorum
807 2565 991 2629 versionem
1007 2589 1073 2630 non
1090 2574 1193 2646 curat,
1212 2562 1270 2631 sed
1287 2591 1327 2631 ex
1342 2568 1466 2632 usitata

183 2685 419 2765 prophetarum
440 2685 571 2748 dicendi
591 2685 718 2748 ratione
745 2686 842 2748 deum
864 2685 970 2770 ipsum
990 2708 1109 2768 parvae
1131 2688 1359 2752 Israelitarum
1380 2688 1467 2772 parti

183 2809 373 2883 parcentem
389 2786 480 2866 lacit.
1001 2783 1003 2788 Ι

699 3064 820 3118 Ιιοοιιε
838 3064 946 3118 ΧΙΝ.

518 3217 612 3280 Rom.
634 3221 684 3294 ll,
703 3221 806 3280 9-10
824 3215 867 3278 cf.
885 3217 940 3280 Ps.
959 3221 1010 3296 69,
1030 3219 1069 3280 23
1080 3239 1129 3299 sq.

270 3408 344 3477 Καὶ
358 3409 494 3479 Δαυεὶδ
509 3411 598 3498 λέγει
612 3414 646 3480 Γ
645 3407 812 3507 ινηδήιω
832 3407 855 3507 ἡ
876 3406 1031 3506 τράπεζα
1046 3407 1167 3481 αὐτῶν
1184 3415 1235 3497 εἰς
1253 3412 1386 3499 παγίδα
1405 3414 1465 3482 καὶ

183 3536 383 3637 εἰςδήραν
406 3544 536 3629 καλεῖς
560 3539 763 3616 σκάνδαλον
787 3547 847 3616 καὶ
873 3551 924 3632 εἰς
952 3541 1191 3638 οἷνιαπόδομα
1214 3541 1353 3632 αὐτοῖς·
1383 3571 1464 3619 σκο-

186 3669 424 3772 ιισδήιοισαν
448 3681 482 3748 οἱ
506 3673 693 3774 ὀφθαλμοὶ
712 3676 833 3751 αὐτῶν
857 3683 921 3752 νοῦ
943 3677 994 3777 μὴ
1017 3683 1159 3774 βλέπειν
1180 3683 1240 3752 καὶ
1264 3679 1327 3753 τὸν
1349 3685 1465 3754 νώιον

183 3808 304 3884 acircio
322 3810 382 3884 διδ
400 3811 538 3902 πανιδς
556 3809 782 3912 σύνκαμψον.

268 3960 378 4026 LXX.
411 3946 599 4050 νινιιθήιω
619 3950 641 4050 ἡ
670 3951 825 4053 τράπεζα
848 3952 968 4027 αὐτῶν
996 3950 1151 4028 ἐνώπιον
1178 3953 1300 4028 αὐτῶν
1322 3962 1371 4044 εἰς
1395 3982 1463 4028 πα-

182 4085 263 4172 γίδα
281 4087 341 4156 καὶ
358 4092 407 4174 εἰς
424 4083 671 4161 ἀνταπόδοσιν
689 4093 749 4162 καὶ
767 4098 819 4179 εἰς
838 4089 1057 4166 σκάνδαλον·
1078 4099 1246 4168 anonae.
1265 4095 1338 4164 ιιιλ.
1362 4107 1404 4189 (v.
1423 4109 1463 4168 24

98 4289 104 4318 a
181 4217 278 4296 plane
296 4238 370 4278 cum
386 4220 537 4300 apostolo
555 4221 744 4306 consentit).

267 4352 379 4417 Verba
399 4377 516 4416 ενωπιον
535 4380 629 4418 corma
654 4361 741 4442 (cum
766 4361 881 4443 Paulo)
912 4361 1073 4424 omittunt
1098 4361 1194 4425 codd.
1224 4365 1276 4425 21.
1305 4363 1376 4424 183.
1401 4365 1460 4426 286

183 4475 273 4552 (2802
300 4495 383 4532 ενωπ.
403 4478 515 4559 οιτον).
550 4477 631 4541 Cod.
651 4484 690 4542 55
709 4479 839 4562 (peioris
856 4485 965 4565 notae)
982 4505 1040 4565 pro
1057 4484 1196 4542 ανιαποδ.
1212 4481 1349 4565 praebet
1364 4488 1462 4561 θηραν

1227 4606 1248 4664 4
