3376 5200
764 349 792 353 ψ
830 261 870 322 24

210 465 311 526 inacus
328 468 452 544 (00008)
468 463 511 524 ale
526 462 559 524 ia
575 462 741 524 iudicando
758 460 790 543 (i.
804 481 832 523 e.
845 462 915 524 dom
930 462 1061 545 iudicas)
1070 486 1079 538 ;
1097 461 1194 524 LXX
1211 467 1322 526 autem
1337 468 1489 525 vertunt:

209 603 288 649 οπως
300 565 424 659 Ἰνικησης,
442 579 665 643 immiscentes
681 580 851 643 notionem
867 580 1035 663 Syriacam
1050 581 1140 644 vocis
1157 591 1224 659 tevi,
1242 582 1320 645 dum
1337 579 1490 644 hebraico

209 711 267 768 riti
281 700 459 784 respondet
476 701 632 784 Syrorum
648 709 722 778 est,
741 699 829 783 quod
845 723 863 762 a
879 710 935 767 831
950 723 1082 782 prorsus
1099 700 1263 764 diversum
1280 707 1343 764 est.
1372 701 1491 783 ltaque

209 819 342 882 minime
364 819 545 883 audiendus
568 827 619 883 est
635 821 841 884 Surenhus
864 819 898 901 (1.
916 819 939 882 1.
957 841 989 902 p.
1007 821 1099 902 439),
1122 821 1292 883 Paulum
1314 826 1403 883 recte
1420 841 1491 882 ver·

209 939 290 1002 11880
303 960 423 1016 sinouse,
447 937 562 1022 „quod
583 937 657 1016 ille,
685 937 740 1021 qui
763 961 863 1021 purus
885 945 937 1001 est
958 937 1149 1020 injudicio,
1175 939 1282 1003 vietor
1301 939 1489 1020 evadat“¹).

209 1057 358 1141 Denique
380 1057 477 1122 LXX
500 1056 560 1119 viri
582 1057 699 1138 'ritem
719 1057 753 1120 in
774 1058 938 1141 passivum
967 1079 1100 1121 sensum
1120 1065 1291 1122 verterunt
1320 1080 1349 1118 so
1370 1079 1411 1116 τω
1438 1081 1492 1136 κρι-

208 1183 314 1238 erodat
341 1199 372 1238 oe
387 1177 409 1241 i.
428 1199 457 1241 e.
479 1178 531 1240 ‘obe'
552 1177 713 1239 iudicaria.
760 1177 835 1240 Quo
857 1199 956 1240 sensu
977 1198 1083 1260 genus
1104 1176 1272 1260 passivum
1291 1177 1492 1240 substituere

210 1297 402 1375 maluerint,
421 1296 557 1360 difficile
574 1303 625 1359 est
642 1296 749 1358 dictu:
775 1299 899 1380 absque
916 1297 1015 1361 dubio
1032 1297 1189 1361 suffixum
1210 1296 1365 1360 infinitivi
1382 1319 1494 1360 casum

210 1415 436 1480 accusativum
452 1417 687 1479 intellexerunt
704 1418 819 1494 („dom
835 1423 864 1478 le
879 1417 1076 1497 iadioooffl).
1107 1415 1301 1480 Versionem
1311 1416 1492 1480 Alexandr.

210 1535 316 1600 secuti
352 1543 430 1599 sunt
466 1537 614 1613 Arabs,
657 1533 806 1617 Aquila
842 1534 919 1618 (qui
954 1537 1108 1618 praebet:
1147 1541 1341 1615 vnepaprdosu
1379 1543 1494 1599 contra

158 1631 162 1636 ι
211 1657 369 1738 symm:
407 1679 486 1716 staur
513 1640 656 1736 uprvoi’ra·
688 1654 899 1718 Γ1110001018
928 1635 1039 1732 amusos*
1061 1677 1089 1715 eo
1110 1677 1151 1714 τω
1174 1655 1322 1739 κρινειν’))
1347 1677 1409 1718 800
1428 1677 1493 1718 808

210 1775 361 1838 Paulus
383 1775 565 1857 apostolus.
607 1775 652 1836 Et
670 1773 784 1857 negari
806 1773 935 1857 quidem
959 1796 1025 1837 non
1045 1774 1184 1856 poterit,
1211 1775 1312 1838 verba
1335 1773 1494 1839 versionis

210 1895 252 1958 ad
268 1894 412 1977 apostoli
428 1893 750 1977 argumentationem
766 1894 884 1957 melius
901 1893 1076 1976 quadrare,
1099 1915 1197 1976 quam
1215 1900 1347 1956 textum
1366 1893 1493 1958 hebrai-

211 2035 300 2090 eum3
328 2012 484 2096 primum,
511 2013 599 2096 quod
616 2013 723 2076 verbis
742 2036 771 2074 er
788 2037 846 2082 τοις
869 2015 961 2094 loyca·
979 2034 1031 2074 coo
1055 2019 1167 2096 aperte
1199 2013 1358 2076 alluditur
1388 2014 1430 2077 ad
1458 2036 1495 2074 τα

210 2134 291 2212 λογια
308 2139 462 2204 0001000,
491 2133 530 2196 de
548 2133 665 2216 quibus
681 2134 813 2196 locutus
831 2141 901 2197 erat
916 2133 951 2196 in
972 2155 1069 2196 versu
1091 2133 1252 2212 secundo,
1274 2132 1391 2197 deinde
1408 2134 1494 2216 quod

212 2252 379 2336 passivum
396 2259 547 2332 aptaretur
567 2253 601 2316 in
622 2252 831 2346 hemistichio
854 2255 959 2316 altero
982 2253 1079 2318 facile
1101 2252 1215 2316 referri
1236 2259 1367 2336 poterat
1388 2252 1430 2315 ad
1445 2251 1494 2315 in·

212 2372 419 2436 credulorum
434 2372 567 2436 illorum
586 2373 765 2438 calumnias
782 2374 979 2458 (cleopater
995 2375 1118 2447 airadus,
1143 2396 1208 2436 earu
1229 2373 1392 2446 iudicaria,
1416 2374 1448 2435 h.
1463 2394 1491 2435 e.

211 2499 249 2554 ut
266 2498 431 2555 extremus
446 2515 555 2556 rerum
571 2500 709 2556 eventus
726 2493 855 2571 doceat,
873 2501 907 2556 te
923 2492 1040 2557 iniuria
1056 2492 1204 2557 accusari
1219 2494 1259 2556 ab
1277 2492 1316 2556 iis
1323 2541 1333 2570 ,
1352 2491 1408 2576 qui
1423 2515 1493 2555 ora-

212 2613 287 2676 cula
302 2619 361 2675 tua
375 2613 461 2676 male
478 2612 625 2677 evenisse
643 2613 870 2696 contendant).
880 2614 903 2696 1)

298 3027 325 3091 1)
346 3028 416 3087 Quid
430 3029 500 3092 quod
520 3029 694 3078 Surenhus
713 3029 842 3092 exemplis
856 3028 922 3078 adeo
936 3028 1106 3092 comprobare
1123 3028 1223 3086 studet,
1243 3044 1257 3076 0
1271 3028 1398 3077 Taimude
1411 3028 1493 3077 mani-

211 3117 310 3164 festum
330 3131 401 3172 esee,
423 3115 504 3164 verbo
524 3120 575 3164 mi
598 3115 737 3164 notionem
756 3112 868 3162 vincendi
893 3116 937 3164 vel
954 3115 1106 3176 superiorem
1125 3117 1150 3161 et
1167 3111 1303 3176 diyniorem
1326 3111 1430 3161 evadere
1455 3115 1494 3162 iu·

212 3217 279 3251 esse.
311 3200 367 3249 Imc
381 3206 431 3251 mi
445 3205 517 3250 teste
531 3201 711 3250 Buxtorfio
730 3200 801 3263 apud
814 3201 958 3264 scriptores
971 3200 1123 3250 rabbinicce
1143 3215 1247 3264 semper
1265 3199 1379 3248 denotat
1396 3197 1495 3262 elipeum

192 3301 269 3358 0880,
282 3285 378 3334 maeri.

296 3388 324 3452 2)
344 3390 421 3438 Hanc
439 3389 584 3438 lectionem
602 3389 804 3440 Montefalc.
822 3405 876 3438 nou
894 3390 979 3438 solum
996 3388 1238 3446 Theodotioni,
1265 3388 1312 3438 sed
1331 3389 1413 3438 etiam
1425 3388 1495 3437 Lxx

212 3477 275 3524 viris
289 3477 386 3526 tribuit
398 3477 427 3524 in
440 3475 571 3539 hexaplis.
595 3475 693 3524 Tamen
707 3475 764 3538 ipse
778 3474 811 3524 ad
823 3475 969 3538 marginem
983 3475 1078 3524 vertitz
1099 3474 1167 3522 Lxx
1180 3473 1281 3524 Theod.
1300 3475 1395 3538 virga
1411 3471 1495 3522 uincor

211 3576 264 3608 oum
272 3559 410 3624 judiceris.

298 3663 325 3726 3)
343 3665 454 3714 Minime
466 3664 601 3728 Meyero
615 3664 726 3713 concedi
738 3666 838 3727 potest,
852 3664 920 3713 illud
933 3665 1071 3732 κρινισθαι
1083 3655 1152 3712 Lxx
1165 3665 1279 3713 virorum
1293 3679 1373 3712 80888
1385 3663 1495 3713 mediali

212 3751 298 3814 accipi
310 3765 389 3815 posse
403 3749 502 3814 (‚,wena
515 3746 547 3796 du
558 3746 705 3810 recitar‘).
736 3749 866 3799 Provocat
878 3751 970 3814 Meyer
983 3750 1017 3799 ad
1031 3753 1104 3799 locos
1117 3766 1132 3798 a
1146 3749 1366 3798 schleusnero
1381 3751 1495 3798 collatos
1552 3750 1556 3759 ’

213 3834 286 3899 (tica.
300 3836 343 3886 ΙΙΙ
355 3853 382 3900 p.
394 3837 443 3885 385
458 3834 528 3899 sq.);
548 3839 576 3884 at
593 3850 646 3882 sec.
664 3835 870 3885 concordantias
883 3836 958 3884 hebr.
972 3835 1041 3884 Lxx
1054 3851 1146 3884 vocem
1160 3839 1221 3886 18811
1231 3833 1318 3882 medio
1332 3837 1375 3884 vel
1388 3835 1494 3898 passivo

212 3937 267 3971 non
285 3921 338 3970 nisi
357 3922 399 3970 his
415 3923 482 3970 loeis
500 3919 690 3970 reddiderunt:
715 3919 771 3968 Jer.
793 3923 816 3979 2,
831 3922 873 3970 35.
898 3921 940 3980 25,
953 3923 995 3971 31.
1020 3921 1064 3969 Ps.
1084 3921 1124 3978 37,
1142 3923 1184 3968 33.
1204 3921 1261 3978 109,
1279 3919 1304 3970 7.
1324 3919 1380 3969 Jes.
1395 3921 1493 3977 cato.

212 4008 256 4056 Ps.
270 4010 295 4065 9,
308 4010 351 4056 20.
382 4007 419 4056 Ut
432 4009 483 4055 hoc
496 4007 664 4064 omittamus,
681 4021 736 4055 non
750 4007 803 4055 nisi
812 4007 879 4077 10018
892 4006 995 4055 duobus
1009 4007 1133 4056 extremis
1146 4005 1254 4053 verbum
1268 4009 1407 4072 κρινισθαι
1419 4006 1494 4054 absc·

212 4097 269 4144 lute
289 4093 344 4157 legi
364 4092 443 4157 (81188
461 4107 526 4159 προς
544 4109 616 4146 τινα,
635 4107 700 4150 τινι,
719 4084 803 4154 τινα),
825 4093 948 4142 omnibus
965 4091 1078 4141 1810018
1097 4091 1259 4140 enumeratis
1272 4092 1378 4156 eoniug.
1393 4092 1494 4155 Niphal

212 4182 252 4229 ita
263 4179 395 4230 redditur.
415 4179 467 4227 Kal
480 4182 568 4227 autem
581 4177 651 4226 Lxx
664 4178 762 4241 ubique
775 4181 915 4228 verterunt
927 4177 1016 4226 activo
1030 4193 1135 4242 κρινειν,
1155 4191 1305 4239 quanquam
1318 4177 1347 4224 in
1359 4177 1427 4226 locis
1440 4192 1494 4226 non

106 4321 113 4334 α
213 4265 304 4330 paucis
325 4266 401 4314 notio
423 4261 542 4326 litipaode'
564 4264 652 4312 verbis
677 4263 810 4313 hebraicis
833 4264 934 4312 subest.
973 4261 1096 4312 Ceterum
1118 4262 1236 4312 dubitari
1249 4279 1303 4312 non
1316 4267 1415 4326 potest,
1430 4264 1495 4326 quin

212 4353 331 4414 reliquae
344 4351 480 4399 versiones
494 4365 573 4412 supra
592 4352 702 4398 notatae
721 4349 790 4398 illud
808 4352 947 4415 sparretus
964 4365 992 4396 ur
1012 4363 1091 4396 sensu
1111 4349 1216 4412 passivo
1229 4348 1402 4411 interpretati
1422 4349 1493 4408 sint;

213 4438 265 4486 imo
279 4436 494 4486 Theodotion
512 4436 540 4484 in
553 4435 675 4484 versione
689 4451 735 4484 sua
748 4434 863 4484 medium
877 4435 919 4484 vel
932 4434 1068 4498 passivum
1081 4435 1205 4482 consulto
1219 4433 1325 4482 videtur
1338 4435 1463 4482 evitasse.
