3376 5200
222 500 319 582 (unde
336 498 436 562 etiam
451 500 537 562 falsa
549 498 778 580 interpretatio
790 499 879 563 vocis
889 509 948 569 W
963 499 1105 583 irrepsit)
1121 505 1308 562 verterunt:
1332 521 1503 560 ιπεσκειιιαι

220 641 269 679 και
286 641 355 698 syra
367 621 426 679 κτλ.
443 622 490 702 (at
506 617 548 681 cf.
566 641 598 681 v.
612 620 642 682 7.
661 621 701 682 16
715 625 750 681 et
760 619 904 682 Knobel.
917 619 959 682 ad
974 622 1061 682 hunc
1071 619 1120 702 1.).
1147 618 1302 682 Ceterum
1317 621 1381 682 hoc
1396 617 1502 682 liben-

220 745 273 802 ter
289 738 514 816 concedimus,
539 736 777 801 accuratiorem
792 743 906 802 textus
922 738 1067 802 hebraici
1082 737 1389 821 interpretationem
1404 761 1502 821 argu·

220 865 333 922 mento
358 857 517 942 apostoli,
543 856 624 920 licet
648 857 749 921 verba
772 857 832 922 illa
856 865 968 942 aperte
994 881 1011 923 e
1035 857 1184 922 versione
1207 857 1387 922 Alexandr.
1410 879 1503 940 repe·

220 977 328 1056 tierit,
354 1001 421 1042 non
442 978 550 1042 minus
571 977 783 1060 respondere.

672 1647 898 1726 Series
924 1651 1050 1727 ΠΙ.

313 1833 508 1918 Recensus
531 1833 704 1919 locorum
727 1835 896 1942 quinon
919 1837 1000 1920 nisi
1021 1835 1161 1920 leviter
1183 1860 1208 1918 a
1229 1835 1408 1919 versione

615 1970 889 2057 Alexandrina
913 1972 1115 2058 recedunt·

733 2201 989 2209 ———.-..—.

306 2331 479 2395 Pertinent
500 2333 565 2396 huc
585 2332 652 2396 loci
673 2355 786 2396 omnes
807 2333 846 2412 ii,
874 2333 930 2416 qui
950 2333 984 2397 in
999 2333 1189 2397 universnm
1210 2332 1253 2396 ad
1267 2352 1412 2395 normam
1428 2349 1500 2391 ver·

219 2450 319 2514 sionis
336 2451 579 2515 Alexandrinae
602 2451 758 2535 exscripti
779 2452 813 2515 in
831 2454 929 2517 rebus
945 2451 1176 2515 minutioribus
1194 2451 1293 2535 (quod
1308 2450 1501 2533 plerumque

218 2571 312 2654 lapsu
330 2572 505 2635 memoriae
522 2573 576 2635 vel
591 2571 696 2635 libera
711 2539 880 2655 allegandi
895 2572 1021 2636 ratione
1041 2570 1172 2634 videtur
1186 2569 1313 2654 factum
1329 2572 1412 2653 esse)
1429 2567 1513 2632 eam'

218 2690 423 2774 relinquunt,
447 2699 485 2754 ut
506 2691 686 2755 secundum
702 2691 798 2755 LXX
818 2691 906 2754 viros
928 2689 1066 2774 allegari
1084 2690 1216 2754 eosdem
1234 2689 1437 2753 confidenter
1453 2687 1500 2750 af-

219 2810 347 2874 firmare
371 2809 490 2894 possis.
535 2813 599 2874 Per
623 2831 658 2874 se
682 2819 835 2895 apparet,
867 2811 920 2874 hic
943 2810 1106 2874 rationem
1129 2833 1196 2874 non
1219 2809 1405 2873 habendam
1429 2828 1501 2871 esse

220 2951 348 3009 eorum,
375 2952 457 3013 quos
480 2931 633 2994 consulto
655 2933 826 3015 apostolus
849 2931 958 3014 aliqua
980 2952 1020 2994 ex
1034 2937 1129 3014 parte
1145 2929 1298 2994 mutavit.
1345 2928 1501 2992 Ceterum

218 3049 285 3112 loci
313 3072 400 3114 nunc
431 3050 643 3114 enumerandi
672 3073 775 3136 paene
800 3073 912 3115 omnes
937 3075 956 3114 a
979 3057 1076 3114 textu
1104 3049 1257 3114 hebraico
1288 3049 1362 3133 plus
1393 3047 1499 3110 minus

218 3168 387 3233 recedunt.

721 3360 843 3416 Locus
859 3361 1003 3416 XXXV.
1044 3386 1047 3391 ’

625 3495 722 3560 Rom.
741 3500 770 3574 2,
789 3501 830 3560 24
846 3495 889 3560 cf.
906 3497 973 3560 Jes.
992 3500 1043 3575 52,
1062 3501 1093 3561 5.

306 3668 356 3745 Τὸ
374 3669 443 3769 γὰρ
463 3665 581 3766 ι”νομα
601 3673 666 3745 τοι]
683 3675 775 3744 θεοῦ
794 3670 840 3745 δι’
860 3671 957 3768 ὑμᾶς
973 3676 1240 3772 βλασφημεῖται
1258 3676 1296 3742 ἐν
1307 3681 1382 3760 τοῖς
1398 3675 1500 3742 ἔθνε-

220 3834 292 3897 σιν,
311 3805 440 3896 καθώς
456 3815 663 3904 γέγραπται.
703 3819 791 3904 (Sine
806 3821 876 3885 ulla
891 3821 1073 3886 lectionum
1087 3819 1272 3901 varietate.)

304 3956 416 4025 LXX.
470 3939 554 4017 τάδε
582 3946 671 4036 λέγει
701 3941 825 4044 κύριος
853 3944 909 4020 Δι’
935 3944 1033 4040 ὑμᾶς
1061 3941 1122 4017 διὰ
1155 3939 1292 4031 παντὸς
1318 3939 1359 4015 τὰ
1384 3936 1501 4037 ὄνομα

218 4110 291 4178 μου
308 4083 575 4180 βλασφημεῖται
592 4087 631 4154 ἐν
649 4092 723 4170 τοῖς
741 4086 877 4157 ἔθνεσι.

304 4214 372 4280 W.
388 4213 457 4280 LL.
501 4211 608 4275 codd.
630 4212 695 4277 duo
717 4214 829 4278 Holm.
853 4214 1009 4281 διαιτανιος
1025 4213 1185 4297 praebent
1200 4219 1277 4296 post
1295 4234 1359 4287 μοι.
1402 4212 1500 4273 Prae·

219 4341 311 4398 terea
334 4334 435 4398 verba
457 4333 543 4397 benc
569 4332 792 4396 consentiunt.
820 4373 852 4382 -
882 4333 1004 4397 Paulus
1028 4331 1132 4417 igitur
1155 4332 1327 4396 verborum
1354 4330 1500 4395 ordinem

220 4452 378 4532 mutavit,
410 4454 457 4515 δια
475 4475 585 4522 norror
611 4453 738 4534 omisit,
768 4477 826 4538 pro
843 4475 900 4532 μοι
921 4453 1097 4517 substituit
1117 4476 1168 4515 τοι
1186 4459 1268 4514 θεον.
1295 4451 1450 4516 Ceterum
1467 4457 1501 4514 et
