3376 5200
733 289 904 384 Q-

181 493 234 556 sB
260 490 396 568 desunt,
423 490 456 553 in
481 495 595 553 nostro
622 511 750 572 quoque
775 491 849 552 loeo
875 513 894 552 a
919 489 1113 572 quibusdam
1140 488 1260 551 omissa
1286 495 1389 566 erant,
1422 495 1461 550 ut

181 609 387 693 Origenes
421 609 555 672 testium
588 609 821 701 nonnullorum
853 609 1019 672 deleatum
1050 608 1154 670 Paulo
1185 607 1248 690 ipsi
1278 607 1460 671 tribueret?

181 732 264 792 Sane
287 730 402 792 eadem
421 729 548 792 ratione
571 751 587 792 e
609 729 683 791 loeo
706 729 865 811 parallelo
887 729 1012 792 Matth.
1032 731 1083 805 19,
1102 731 1119 790 5
1143 727 1210 790 sive
1234 727 1361 791 eLXX
1383 725 1460 790 viris

181 849 275 912 illata
296 849 360 912 diei
379 855 530 932 possunt.
576 849 624 910 Ut
645 847 817 911 retinenda
840 847 922 926 sint,
945 871 1031 910 nova
1047 846 1229 910 difficultas
1246 847 1364 924 oritur,
1386 853 1462 909 utra

181 968 280 1031 lectio
299 971 383 1052 (προς
400 991 449 1045 την
466 991 523 1046 γαν.
542 991 584 1030 an
602 991 634 1039 τη
653 970 720 1051 γαν.)
736 967 950 1050 praeferenda
967 967 1021 1029 sit.
1061 967 1243 1048 Utramque
1260 966 1353 1029 LXX
1369 988 1461 1049 prae-

181 1088 276 1165 bent,
303 1095 441 1170 utraque
461 1087 565 1171 igitur
584 1088 626 1150 ad
645 1111 790 1150 normam
813 1085 972 1150 versionis
995 1087 1092 1150 Alex.
1117 1087 1291 1150 emendata
1313 1107 1384 1149 esse
1405 1109 1462 1170 po·

180 1214 266 1281 test-,3
298 1230 358 1269 nos
380 1214 515 1290 propter
538 1207 688 1270 codicum
710 1205 763 1272 &A
789 1228 982 1269 eonsensum
1009 1207 1148 1268 alteram
1173 1209 1217 1288 (τη
1236 1208 1303 1290 γαν.)
1335 1212 1372 1268 ut
1398 1228 1463 1268 non

181 1327 288 1389 minus
305 1326 488 1389 notabilem
505 1333 592 1389 eerte
608 1325 643 1388 in
658 1326 750 1389 unois
767 1326 964 1389 addidimus,

267 1463 367 1528 Lxx
398 1464 446 1526 ed.
478 1464 584 1525 Rom:
630 1455 743 1523 ἕνεκεν
772 1447 903 1523 τούτου
932 1455 1140 1547 καταλείψει
1169 1443 1369 1549 ἄνθρωπος
1401 1452 1465 1522 τόν

183 1581 321 1686 πατέρα
346 1583 459 1658 αὐτοῦ
482 1591 542 1660 καὶ
565 1585 631 1686 triv
652 1595 791 1686 μρεέρα
815 1587 986 1681 [odram]
1015 1591 1076 1660 καὶ
1098 1582 1465 1688 προσκολληθήσεῑαι

182 1721 273 1818 πρὸς
292 1721 358 1820 τὴν
377 1736 527 1812 γυναῖκα
547 1723 675 1796 αὐτοῦ·
696 1727 756 1797 καὶ
775 1734 921 1798 ἔσονται
940 1731 974 1796 οἱ
996 1721 1060 1796 δύο
1080 1732 1129 1812 εἰς
1148 1720 1266 1822 σάρκα
1284 1727 1383 1818 μίαν.
1471 1785 1474 1791 .

267 1856 334 1921 vv.
351 1856 418 1921 LL.
455 1879 516 1915 uvu
535 1856 624 1918 solus
651 1857 915 1920 eod.20H01m.
943 1859 971 1940 (e
993 1878 1078 1918 novo
1101 1858 1194 1939 test.)
1220 1855 1405 1918 substituit.
1429 1895 1460 1902 -

184 1995 272 2032 αυτου
298 1973 387 2054 prius
414 1975 486 2036 eod.
513 1973 542 2039 Α
573 1983 606 2037 et
630 1975 892 2053 Bodleianus,
926 1960 1037 2058 Orig'.
1066 1983 1130 2038 eat.
1158 1979 1219 2039 206
1245 1975 1330 2058 (vide
1356 1978 1464 2060 supra)

182 2093 358 2176 praebent;
384 2099 495 2175 patres
519 2095 680 2172 nonnulli,
707 2095 830 2176 absque
856 2094 956 2157 dubio
983 2117 1023 2156 ex
1047 2094 1246 2158 auctoritate
1270 2093 1348 2157 novi
1371 2101 1463 2172 test,

184 2211 356 2274 omittunt.
368 2251 410 2306 '—
431 2235 520 2272 uvzov
536 2212 677 2276 alterum
694 2221 826 2276 servant
843 2213 916 2276 eod.
934 2213 1146 2291 BodleianuS,
1164 2214 1199 2280 X
1216 2221 1249 2276 et
1270 2213 1366 2277 oodd.
1385 2213 1464 2277 min.

184 2337 222 2395 21
240 2331 352 2394 Holm.
362 2381 371 2409 ,
396 2331 494 2395 etiam
519 2333 681 2416 Origen.
704 2334 727 2395 l.
745 2334 769 2395 l.
788 2333 925 2411 diserte,
950 2340 985 2396 at
1005 2355 1071 2398 non
1088 2333 1159 2397 ood.
1178 2332 1222 2410 A;
1248 2334 1360 2416 itaque
1377 2340 1466 2398 eerte

183 2451 275 2514 uncis
300 2451 462 2515 inclusum
488 2452 685 2516 addidimus.
708 2492 739 2500 —
761 2476 794 2530 τη
812 2475 916 2529 γυαααα
939 2454 1076 2536 praebet
1101 2454 1191 2516 solus
1213 2452 1242 2520 Α
1268 2460 1301 2516 et
1325 2453 1463 2516 minuso.

184 2572 248 2634 duo
265 2571 377 2634 Holm.
402 2573 498 2657 (alter
519 2596 585 2636 nou
604 2571 668 2635 nisi
689 2573 729 2636 ad
747 2575 881 2656 marg.);
908 2573 1026 2656 quibus
1044 2573 1165 2636 oodiois
1188 2573 1407 2638 Bodleiani
1430 2579 1465 2636 et

185 2690 377 2773 Origenis
394 2691 517 2755 diserta
533 2692 633 2756 leetio
656 2714 729 2772 προς
744 2717 792 2771 την
809 2717 866 2770 γαν.
881 2693 1095 2777 praeferenda
1111 2693 1184 2756 erit.

173 2819 175 2821 ’
270 2825 371 2889 Vides
387 2827 500 2909 igitur,
519 2830 686 2890 Paulum
708 2851 811 2912 paene
828 2838 980 2894 aeourate
997 2830 1181 2894 versionem
1197 2831 1295 2893 Alex.
1314 2836 1465 2892 secutum

186 2967 267 3023 esse,
285 2945 348 3008 nisi
365 2947 453 3028 quod
467 2969 526 3029 pro
542 2969 631 3008 εκεκεκ
649 2948 826 3022 substituit
842 2973 912 3020 ααα,
932 2972 1020 3010 αυτου
1039 2935 1214 3034 utrumque
1231 2948 1352 3013 omisit.

272 3067 426 3146 Ceteium
449 3083 549 3146 etiam
571 3087 634 3148 hoo
655 3085 729 3148 loeo
752 3087 835 3149 bene
856 3087 1056 3169 respondent
1076 3087 1171 3150 LXX
1196 3086 1257 3150 viri
1276 3085 1384 3150 verbis
1410 3087 1466 3148 he·

184 3202 319 3266 bracis:
355 3215 424 3296 Ἶρις,
440 3199 525 3294 a‘uss
541 3217 610 3300 aa]
627 3203 742 3300 launa
757 3215 838 3298 pau]
860 3204 1008 3300 tas-ns]
1024 3218 1166 3299 tras-ns
1181 3202 1340 3297 urs-:123
1358 3199 1464 3289 aba

186 3323 225 3386 de
247 3323 356 3386 verbis
379 3324 534 3387 extremis
540 3373 551 3403 ‚
578 3325 696 3408 quibus
718 3326 812 3388 LXX
835 3327 962 3390 addunt
985 3349 1010 3386 οι
1028 3329 1093 3399 δυο,
1120 3325 1162 3389 ef.
1185 3327 1295 3389 locum
1316 3333 1466 3388 nostrum

185 3443 321 3505 XXXII
346 3445 374 3524 (1
394 3443 468 3505 Cor.
488 3448 517 3520 6,
536 3447 599 3526 16).
721 3457 723 3462 ’

720 3702 842 3756 Locus
860 3701 935 3757 LX.

549 3836 634 3919 Eph.
654 3841 683 3916 6,
702 3843 780 3921 bsq.
799 3838 841 3902 of.
859 3839 965 3902 Exod.
985 3840 1035 3915 20,
1054 3843 1106 3902 12.

275 4017 372 4106 Τίμα
392 4009 454 4085 τὸν
472 4021 611 4109 πατέρα
631 4040 698 4087 σου
713 4019 773 4087 καὶ
792 4012 859 4114 τὴν
875 4023 1013 4112 μητέρα
1035 4071 1090 4086 ...
1111 4015 1169 4086 ἵνα
1188 4001 1226 4086 εὖ
1245 4041 1305 4087 σοι
1322 4023 1468 4113 γένηται

187 4150 247 4220 καὶ
265 4155 330 4255 ἔσῃ
348 4145 616 4248 μακροχρόνιος
634 4154 692 4222 ἐπὶ
711 4158 775 4250 τῆς
793 4159 866 4250 γῆς.

272 4298 339 4363 VV.
356 4298 423 4363 Ida
468 4300 550 4360 Post
570 4321 679 4377 μητερα
706 4298 765 4366 FG
789 4299 832 4362 al.
858 4322 960 4363 verss.
991 4301 1114 4364 multae
1146 4307 1179 4363 et
1204 4266 1315 4383 patres
1341 4301 1468 4383 aliquot

187 4414 314 4478 addunt
332 4437 384 4476 σου
400 4423 515 4480 eontra
531 4415 614 4484 &AB
632 4425 695 4481 eto.
715 4419 800 4502 (vide
816 4420 933 4503 LXX).
962 4420 1004 4483 In
1021 4419 1166 4487 eodioett
1182 4421 1282 4483 verba
1297 4443 1341 4480 αα
1360 4443 1390 4480 ευ
1408 4422 1467 4480 κτλ.

1235 4545 1252 4606 5
