3376 5200
752 305 923 401 L

199 508 262 572 nisi
277 507 395 571 Pauli
411 506 647 590 allegationem
662 512 796 569 secutus
812 505 856 568 sit
872 506 931 588 (ita
947 507 991 568 Bl
1002 507 1090 584 eek,
1109 507 1328 572 Delitzsch
1344 508 1412 589 al),
1437 530 1479 570 an

198 634 336 711 uterque
353 650 423 692 eam
441 626 541 690 edicti
557 626 694 690 formam
711 627 878 709 praebeat,
898 648 980 709 quae
995 633 1075 688 tunc
1097 627 1255 709 temporis
1271 635 1429 710 tanquam
1445 628 1479 690 in

198 747 407 830 proverbium
429 747 555 810 abierat
584 745 803 829 (Tholuck,
836 746 990 829 Meyer,
1022 745 1279 810 Luenemann
1309 748 1384 829 al).
1431 747 1479 809 Ut

198 874 344 930 nostram
366 866 563 930 sententiam
586 866 750 953 dicamus,
776 865 980 928 Onkelosi
1004 865 1110 928 versio
1130 889 1228 949 supra
1249 865 1314 929 iam
1337 887 1477 929 comme·

199 993 325 1050 morata
340 982 431 1070 ῠὶτύὶς
448 997 523 1077 83²3]
538 996 695 1079 &metm
711 995 796 1075 '⁷2:¹2
818 1007 855 1048 eo
871 1008 931 1048 nos
948 985 1093 1064 adducit,
1111 993 1150 1048 ut
1166 986 1283 1068 Pauli
1305 985 1478 1068 allegatio-

197 1128 273 1170 nem
294 1107 336 1169 ad
356 1104 570 1170 traditionem
592 1105 755 1188 quandam
777 1104 1010 1168 scholasticam
1033 1106 1073 1167 de
1094 1105 1168 1168 loco
1185 1105 1243 1168 illo
1265 1105 1477 1170 celeberrimo

197 1227 425 1310 pervulgatam
443 1225 633 1288 referamus.
682 1229 801 1287 Annon
818 1224 957 1288 maxime
974 1224 1091 1288 mirum
1108 1231 1208 1303 esset,
1228 1225 1478 1289 Onkelosum

197 1346 292 1409 Pauli
314 1347 482 1427 aequalem
512 1352 546 1407 et
573 1344 712 1407 sortasse
739 1345 1009 1408 contubernalem
1036 1367 1169 1428 prorsus
1195 1344 1227 1407 in
1252 1345 1390 1408 eandem
1413 1345 1479 1408 loci

197 1463 286 1526 illius
310 1463 616 1546 interpretationem
642 1463 815 1542 incidisse,
847 1463 910 1526 nisi
935 1471 1026 1527 certa
1050 1465 1208 1547 quaedam
1240 1463 1479 1547 interpretandi

197 1583 303 1647 forma
327 1583 517 1646 iamdudum
543 1583 747 1646 exstitisset?
788 1583 925 1647 Minime
950 1583 1053 1668 igitur
1078 1585 1253 1664 habemus,
1287 1607 1344 1648 cur
1367 1585 1477 1648 locum

197 1711 345 1767 nostrum
368 1704 408 1766 ad
429 1725 615 1786 expressam
637 1710 750 1766 textus
774 1704 918 1768 hebraici
941 1727 1051 1768 curam
1073 1705 1268 1780 referamus3
1294 1705 1359 1768 imo
1377 1707 1476 1766 Pau·

197 1824 258 1885 lus
279 1823 418 1886 retentis
440 1822 599 1887 versionis
625 1825 719 1887 Alex.
738 1824 847 1887 verbis
869 1824 934 1888 loci
957 1824 1094 1888 formam
1111 1826 1310 1889 Judaeorum
1332 1823 1476 1887 doctori·

198 1943 258 2006 bns
274 1943 431 2007 usitatam
447 1943 647 2027 proferebat,
666 1944 806 2007 fortasse
822 1966 862 2006 ne
879 1967 1004 2008 memor
1020 1945 1152 2028 quidem
1173 1953 1287 2008 textus
1306 1944 1476 2027 utriusque

198 2062 446 2145 discrepantiae.
491 2063 637 2125 Effatum
661 2063 747 2126 enim
763 2063 879 2126 illude
899 2064 1040 2150 carmine
1058 2065 1270 2128 celeberrimo
1286 2063 1475 2147 repetitum,

196 2190 369 2266 tantopere
391 2183 514 2246 faciens
539 2183 581 2246 ad
606 2183 847 2245 confirmandos
870 2184 1070 2247 audientium
1094 2185 1219 2248 animos
1252 2191 1340 2247 certe
1363 2183 1396 2246 in
1419 2185 1476 2245 Ju-

196 2302 350 2365 daeorum
367 2303 570 2367 orationibus
586 2301 731 2384 viguisse
747 2325 842 2366 nemo
859 2304 922 2366 erit
938 2303 993 2387 qui
1008 2311 1120 2386 neget.

670 2975 896 3054 Series
922 2978 1005 3053 V.

193 3157 387 3256 Recensns
411 3158 583 3245 locorum
612 3163 680 3269 qui
703 3163 752 3248 ab
775 3174 938 3272 utroque
963 3173 1074 3250 textu
1096 3163 1254 3272 longius
1278 3164 1472 3248 recedunt.

301 3516 328 3582 l.
359 3518 486 3584 'labnla
506 3520 651 3587 locorum
673 3524 728 3608 qni
752 3525 886 3610 propius
908 3524 951 3590 ad
970 3525 1058 3592 LXX
1079 3527 1167 3592 viros
1188 3525 1363 3593 accedunt.

697 3728 819 3785 Iacens
842 3731 970 3786 LXVI.

496 3863 591 3925 Rom.
611 3867 640 3941 3,
660 3867 784 3928 10-12
801 3865 843 3928 cf.
862 3867 984 3930 Psalm.
1004 3871 1054 3944 14,
1073 3872 1166 3932 1-3.

274 4033 412 4126 Καθώς
438 4045 633 4138 γέγραπται
661 4036 715 4112 ὅτι
744 4037 808 4114 οὐκ
834 4047 933 4114 ἔστιν
958 4046 1097 4132 δίκαιος
1124 4042 1207 4117 οὐδὲ·
1231 4048 1295 4134 εἷς·
1334 4067 1375 4116 11.
1407 4044 1471 4119 crin

192 4182 289 4246 dora·
321 4171 339 4246 ὁ
369 4178 515 4264 συνιών,
552 4175 615 4249 οὐκ
645 4185 743 4250 ἔστιν
775 4175 794 4249 ό
828 4181 983 4276 ἐκζητῶν
1016 4176 1207 4253 τὸνθεόν.
1264 4203 1305 4253 12.
1340 4179 1472 4271 πάντες

192 4311 382 4398 ἐξέκλιναν,
412 4308 489 4408 ἅμα
516 4310 774 4414 ἠχρεώθησαν·
804 4313 869 4388 οὐκ
892 4324 990 4390 ἔστιν
1014 4316 1066 4412 [ὁ]
1091 4321 1207 4390 ποτῶν
1226 4314 1470 4416 χρηστότητα,

191 4444 255 4519 οὐκ
283 4457 381 4520 ἔστιν
409 4452 475 4538 ἕως
502 4447 590 4540 ἑνός.
