3376 5200
757 289 927 382 4—e

201 487 392 572 quissimam
408 512 427 552 a
443 487 555 552 oodioe
571 489 600 554 B
617 487 780 552 diversam
797 469 948 552 secutum
964 511 1047 554 esse.
1065 529 1094 538 -
1115 489 1273 552 Ordinem
1289 490 1480 553 verborum:

199 615 298 687 ευρεθ.
321 629 380 675 τοις
398 631 447 686 epe
469 631 507 685 μη
530 631 616 687 eaeo„
638 630 704 687 εμφ.
726 631 792 688 eyes.
817 630 876 676 τοις
899 631 948 686 epe
971 631 1008 686 μη
1028 606 1083 686 ζητ.
1108 610 1267 692 praebent
1293 608 1388 673 oodd.
1414 614 1482 672 tres

199 727 338 792 minuse.
356 728 469 791 Holm.
478 753 487 804 3
513 734 628 798 eontra
650 727 797 791 ordinem
819 749 922 806 εμφαν.
940 750 1006 807 eyes.
1024 749 1084 794 rote
1101 750 1150 804 εμε
1166 751 1204 806 μη
1224 727 1364 807 insevere,
1385 734 1482 808 ευρεθ.

199 869 258 914 τας
275 869 324 924 epe
341 870 380 925 μη
397 870 513 926 suspen.
542 845 684 914 &AXII
707 848 803 910 codd.
826 846 986 910 tredeeim
1006 847 1144 910 minuso.
1163 847 1288 927 Holm.,
1315 849 1366 912 ed.
1386 848 1482 910 Com·

199 967 297 1050 plut,
316 966 450 1045 Aldina,
469 967 558 1051 Cyr.
577 968 688 1030 Alex.
712 1005 742 1014 —
763 967 846 1030 Inde
863 974 1010 1049 apparet,
1033 966 1206 1030 verborum
1222 967 1370 1031 ordinem
1386 990 1483 1051 quem

199 1087 322 1150 Paulus
347 1085 496 1170 sequitur
520 1087 607 1170 apud
637 1086 800 1150 neminem
826 1094 955 1149 exstare
986 1087 1018 1150 in
1045 1086 1193 1150 versione
1219 1088 1317 1150 Alex.
1372 1087 1482 1169 Magis

199 1214 309 1270 autem
341 1206 485 1290 apostoli
515 1205 673 1290 allegatio
705 1207 747 1269 ad
777 1205 899 1269 eodiois
929 1207 959 1271 B
989 1206 1177 1284 lectionem,
1210 1206 1301 1269 euius
1330 1176 1481 1270 'hemisti-

200 1326 274 1390 ehia
298 1325 493 1409 simpliciter
518 1325 742 1404 invertuntur,
775 1325 921 1403 aoeedit,
955 1348 1029 1389 oum
1055 1325 1196 1393 anxll
1223 1325 1323 1389 etiam
1351 1326 1482 1410 singula

199 1447 299 1510 verba
314 1447 487 1509 misceant.
525 1446 677 1508 Ceterum
702 1444 824 1509 codicis
840 1447 870 1511 B
892 1445 989 1514 lectio
1013 1445 1113 1508 etiam
1128 1452 1241 1508 textus
1257 1447 1350 1510 hebr.
1369 1445 1481 1510 ordine

163 1603 165 1611 ·
199 1566 460 1629 commendatur.
507 1567 555 1628 At
575 1566 674 1628 dooet
697 1564 847 1628 eodioum
869 1563 1012 1631 &AXII
1034 1587 1223 1644 consensus,
1247 1567 1384 1629 alteram
1402 1589 1481 1649 quo-

199 1707 262 1768 que
277 1685 455 1749 lectionem
471 1683 734 1768 antiquissimam
750 1707 833 1748 esse.

230 1857 233 1863 .
283 1805 396 1872 Hebr.
413 1800 513 1900 Ἶξῇῆἱ,
529 1799 588 1896 db}
603 1815 730 1898 inritis?
746 1799 830 1894 obitui
847 1799 922 1896 κ’ὺξ
938 1801 1077 1898 raptim
1094 1827 1175 1888 quae
1187 1805 1285 1868 verba
1295 1803 1480 1866 accuratius

198 1925 359 1989 vertenda
374 1931 484 1988 erant:
510 1925 665 2004 euplorare'
687 1946 731 1986 me
745 1947 859 2005 passm
877 1948 942 1986 eam
962 1926 999 1987 ab
1021 1925 1078 1998 iis,
1100 1925 1153 2010 qui
1173 1947 1231 1987 αοα
1252 1923 1480 2004 interropabaat

199 2047 252 2124 (de
266 2053 326 2128 nee)
334 2095 344 2124 ,
369 2045 503 2107 inveniri
518 2066 562 2106 me
577 2067 686 2124 pasees
701 2067 765 2106 sem
781 2045 818 2106 ab
834 2044 887 2118 iia,
911 2045 964 2128 qui
979 2067 1040 2106 noa
1056 2045 1240 2128 quaerebant
1255 2065 1310 2106 me.
1357 2041 1433 2106 Qua
1448 2042 1482 2105 in

198 2187 232 2228 re
263 2185 341 2228 sane
372 2166 436 2227 hoo
466 2164 665 2227 monendum
696 2171 763 2241 est,
795 2163 958 2246 propriam
991 2163 1122 2246 ooniug.
1155 2163 1280 2246 Niphal
1313 2161 1481 2226 notionem

198 2305 316 2368 graece
333 2290 485 2347 accurate
501 2282 595 2346 reddi
609 2307 676 2347 non
691 2305 799 2366 posse.
834 2283 945 2346 Etiam
961 2286 1041 2346 haee
1059 2283 1168 2361 verbe,
1188 2305 1270 2365 quae
1287 2304 1303 2346 e
1320 2283 1340 2344 J
1348 2282 1481 2346 esaiae

199 2403 365 2467 sententia
379 2403 522 2466 Judaeos
539 2402 627 2486 ipsos
644 2403 865 2486 respiciunt¹),
889 2404 1059 2486 apostolus
1075 2402 1117 2465 ad
1132 2425 1278 2484 paganos
1300 2401 1401 2465 refert
1423 2401 1479 2484 (ef.

197 2547 231 2587 v.
251 2528 307 2587 21:
335 2525 371 2587 de
383 2523 489 2586 Israel
503 2529 604 2585 uatem
621 2523 719 2605 dieii),
738 2546 835 2606 quam
851 2521 1158 2605 interpretationem
1176 2520 1307 2604 singula
1322 2521 1480 2584 versionis

198 2643 296 2706 Alex.
314 2643 415 2706 verba
431 2663 472 2706 ex
487 2649 580 2725 parte
597 2642 884 2726 commendabant.

704 2934 825 2990 Locus
842 2935 978 2990 Xffll.

592 3070 686 3134 Rom.
707 3074 757 3148 10,
776 3075 813 3134 el
837 3070 880 3133 of.
898 3072 965 3135 Jes.
983 3076 1035 3149 65,
1054 3075 1084 3135 2.

282 3244 390 3342 Πρός
415 3249 453 3318 de'·
477 3242 540 3317 τὸν
559 3242 703 3343 Ἰσραὴλ
728 3247 817 3335 λέγει
827 3243 940 3342 Ὅλην
960 3243 1026 3345 τήν
1044 3243 1184 3345 ἡμέραν
1202 3249 1394 3334 ἐξεπέτασα
1415 3245 1480 3334 τὰς

171 3459 173 3466 ,
195 3379 317 3480 χεῖράς
338 3410 411 3472 μου
429 3379 520 3477 πρὸς
539 3380 628 3453 λαὸν
644 3379 874 3455 ἀπειθοῦντα
892 3385 952 3454 καὶ
971 3379 1212 3473 ἀντιλέγοντα.

281 3531 350 3597 VV.
371 3531 440 3598 LL.
484 3530 545 3596 DE
570 3531 730 3614 praebent
754 3553 799 3591 εαι
816 3533 886 3590 mov
912 3531 996 3614 (eod.
1021 3534 1060 3596 76
1085 3533 1167 3595 adeo
1190 3556 1228 3601 εις
1247 3535 1339 3616 iuna).
1368 3533 1480 3597 Verba

196 3674 245 3711 και
268 3653 447 3730 αατιλεγοντα
474 3651 568 3734 (DiiE
592 3652 719 3732 λεγοντα)
746 3649 906 3712 omittunt
936 3649 995 3717 ΕΘ
1015 3651 1078 3736 sy
1101 3652 1196 3730 Hib,
1229 3651 1369 3715 fortasse
1391 3653 1478 3734 quod
1540 3717 1546 3726 ,

197 3769 297 3834 etiam
313 3770 347 3832 in
362 3777 458 3833 textu
475 3769 629 3832 hebraico
646 3770 792 3833 deerant.

282 3906 392 3973 LXX.
412 3896 605 3980 ἐξεπέτασα
624 3893 690 3982 τὰς
706 3889 829 3993 χεῖράς
846 3922 918 3988 μου
937 3892 1024 3993 ὅλην
1043 3893 1110 3992 τὴν
1128 3892 1268 3993 ἡμέραν
1283 3893 1375 3996 πρὸς
1389 3895 1479 3969 λαὸν

197 4028 428 4104 ἀπειθοῦντα
445 4032 507 4102 καὶ
524 4025 765 4121 ἀντιλέγοντα.

249 4286 276 4349 1)
295 4287 339 4335 Ita
360 4285 524 4349 interpretes
545 4285 710 4335 recentiores
731 4302 836 4346 omnes3
859 4287 895 4334 ef.
918 4287 990 4350 inpr.
1013 4302 1080 4352 quae
1102 4288 1293 4347 Delitzsoh,
1312 4285 1365 4337 Jes.
1389 4305 1413 4352 p.
1427 4290 1477 4338 622

197 4371 355 4420 firmissimis
376 4371 542 4434 argumentis
564 4375 659 4420 eontra
686 4373 849 4422 sententiam
872 4372 1049 4436 Vitringae
1074 4372 1246 4438 (prophetam
1271 4374 1304 4422 de
1328 4374 1478 4438 gentilibus

198 4457 278 4508 rerba
295 4454 396 4519 faeere)
416 4456 547 4520 disputat.
