3376 5200
754 301 925 401 Q

285 511 377 574 Quae
403 503 756 572 Montefalooniu's
781 507 814 570 iu
838 506 1052 589 hexaplorum
1083 502 1230 586 reliquiis
1262 502 1393 588 (iterum
1418 501 1478 566 sub

199 630 284 714 siglo
306 629 395 712 Αλλ.)
416 635 455 691 ul
471 627 591 691 variam
609 626 706 689 LXX
722 625 866 689 virorum
881 624 1058 688 leotionem
1076 625 1186 687 affert:
1217 646 1246 684 εν
1263 625 1480 702 ειερογλασσοις

199 774 247 810 και
262 773 290 810 ιν
306 752 423 829 xeneae
440 769 545 826 ειεροις
563 748 677 824 λαλησω
695 769 736 806 ιω
754 747 816 806 lam
834 767 941 815 τουτω,
974 743 1079 826 ipsam
1103 741 1221 806 Pauli
1245 741 1479 826 allegationem

200 891 270 933 esse
291 870 366 932 luoe
392 867 510 931 elarius
536 873 598 930 est.
645 867 729 929 Sane
753 864 950 947 Origenes
973 862 1097 947 ipsein
1112 863 1289 925 Philoealia
1307 885 1377 946 oap.
1395 863 1479 946 Ix1)

199 990 240 1052 ad
262 987 358 1051 Pauli
379 987 489 1051 looum
512 985 606 1048 illum
629 976 784 1048 adnotat:
809 1007 891 1063 ενρον
908 1007 945 1043 ια
963 985 1189 1059 ισοδνναμονντα
1206 1004 1239 1059 τη
1257 979 1328 1054 aaa
1344 1004 1434 1058 ιαυτη
1452 1004 1481 1042 ιν

199 1131 231 1186 τη
249 1131 300 1168 roo
318 1106 440 1167 Ακυλον
458 1128 587 1185 ιρμηνεια
605 1126 726 1181 κειμενα.
775 1103 859 1166 Cum
875 1103 1050 1186 Aquilae
1072 1101 1178 1164 versio
1195 1123 1259 1164 non
1277 1108 1407 1164 servata
1423 1100 1478 1178 sie,

200 1226 420 1310 quaerendum
437 1224 510 1302 erit,
529 1246 626 1308 quem
642 1245 773 1287 sensum
789 1222 862 1286 voei
878 1225 1102 1298 ισοδυναμουντα
1121 1219 1316 1284 tribuamus.
1356 1219 1479 1302 Aqui-

198 1347 292 1424 lam,
311 1367 405 1429 quem
423 1345 578 1430 hebraica
593 1367 691 1426 quam
707 1341 961 1426 diligentissime
984 1341 1025 1404 ad
1040 1342 1177 1404 verbum
1197 1339 1379 1406 reddidisse
1391 1338 1479 1401 'oon-

201 1471 279 1542 slal,
303 1467 321 1526 J
325 1463 429 1527 esaiae
445 1464 554 1526 loeum
570 1470 638 1526 tam
656 1463 758 1526 libere
774 1461 911 1526 vertisse
929 1459 1060 1522 minime
1077 1459 1252 1523 verisimile
1269 1467 1335 1535 est3
1363 1458 1480 1521 deinde

201 1584 364 1668 quomodo
391 1583 562 1666 utriusque
585 1589 619 1645 et
640 1581 736 1644 Pauli
757 1588 790 1645 el
813 1581 953 1664 Aquilae
979 1601 1156 1644 consensus
1182 1577 1339 1662 explicari
1362 1577 1478 1661 possit,

199 1705 295 1786 plane
316 1726 382 1767 non
403 1703 509 1767 videa.
558 1701 718 1785 Origenes
747 1709 857 1764 autem
882 1700 1061 1764 seeundum
1083 1700 1258 1763 verborum
1279 1697 1381 1782 ipsius
1404 1719 1480 1760 eon-

198 1831 329 1886 textum
346 1817 437 1900 (αλλα
461 1846 510 1884 και
531 1845 547 1899 η
571 1845 622 1882 του
640 1825 757 1882 Ησαιου
781 1843 940 1900 προφητεια
961 1839 1049 1896 νομος
1065 1841 1148 1894 παρα
1166 1841 1205 1877 τω
1223 1815 1391 1878 Αποστολω
1410 1819 1481 1896 λεγι-

199 1965 255 2011 ται,
274 1951 425 2018 φασκοντι·
445 1964 473 2000 εν
491 1964 531 2000 τω
549 1963 626 2015 voum
644 1943 702 1999 κτλ.
727 1978 757 1987 -
781 1962 862 2018 aanor
879 1962 933 2018 γαρ
952 1932 1027 2008 κτλ.)
1046 1939 1132 1999 hune
1155 1935 1189 2000 in
1205 1937 1304 1999 finem
1320 1935 1361 1998 ad
1378 1935 1480 2017 Aqui-

199 2061 251 2122 lae
281 2058 465 2122 versionem
494 2058 625 2121 videbur
654 2079 867 2140 provocasse,
899 2079 939 2120 ne
971 2055 1042 2138 quis
1074 2056 1114 2118 de
1147 2055 1239 2118 fonte
1270 2053 1481 2136 allegationis

199 2179 289 2241 illius
320 2177 498 2255 dubidaret,
532 2176 685 2260 quoniam
716 2175 816 2238 eliam
849 2177 934 2258 apud
957 2175 1113 2257 Aquilam
1145 2177 1272 2256 (nem'pe
1302 2173 1336 2236 in
1366 2174 1481 2237 eodem

200 2298 327 2362 Jesaiae
358 2299 444 2380 looo)
474 2295 594 2359 similia
624 2297 824 2378 legerentur.
870 2295 953 2357 Inde
985 2301 1138 2376 apparet,
1171 2292 1367 2374 Origenis
1397 2293 1481 2355 illud

201 2413 462 2494 ,,ισοδυναμουντα“
488 2396 606 2479 latiore
628 2436 725 2477 sensu
747 2413 974 2498 accipiendum
999 2434 1085 2476 esse:
1111 2412 1226 2474 similia
1248 2411 1316 2475 sive
1339 2434 1374 2474 eu
1390 2418 1481 2492 parte

201 2559 341 2599 00280720.

713 2694 968 2702 ————-——-———-

168 2907 171 2914 .
288 2874 317 2944 3.
359 2877 486 2943 'fabula
508 2878 653 2944 locorum
677 2881 732 2964 qui
754 2898 857 2966 aeque
880 2878 921 2944 ab
944 2877 1084 2964 utroque
1107 2877 1201 2944 textu
1223 2874 1395 2942 recedunt.

577 3169 579 3172 .
701 3103 822 3157 Locus
840 3103 982 3158 LXXX.

573 3240 668 3302 Rom.
687 3243 717 3316 9,
736 3243 775 3302 25
799 3237 841 3301 ef.
859 3239 941 3300 Hos.
960 3243 989 3315 2,
1008 3241 1039 3300 3.
1059 3241 1110 3300 25.

287 3410 353 3499 Ὡς
369 3414 429 3484 καὶ
447 3417 485 3482 έν
503 3419 552 3506 τῷ
566 3409 678 3509 Ὡσηέ
697 3416 786 3502 λέγει
805 3413 957 3492 Καλέσω
978 3408 1039 3480 τὸν
1058 3407 1101 3480 οὐ
1116 3405 1205 3481 λαόν
1217 3436 1289 3501 μου
1308 3404 1397 3480 λαόν
1411 3435 1483 3502 μου

201 3548 263 3618 καὶ
280 3541 347 3642 τήν
366 3541 429 3616 οὐκ
447 3541 683 3643 ἠγαπημένην
700 3543 944 3642 ἠγαπημένην.

281 3692 387 3760 ἸιΧΧ
431 3693 513 3756 Hos.
538 3697 568 3770 2,
591 3697 647 3756 25:
676 3683 736 3754 καὶ
762 3676 939 3778 ἀγαπήσω
969 3679 1035 3777 τήν
1062 3679 1126 3754 οὐκ
1157 3679 1394 3778 ἠγαπημένην
1423 3682 1484 3752 καὶ

202 3825 271 3918 ἐρῶ
292 3825 338 3916 τῷ
357 3815 400 3891 οὐ
418 3819 493 3915 λαῷ
511 3844 584 3910 μου
603 3813 709 3906 Λαός
726 3844 797 3912 μου
815 3811 908 3890 εἷσέ
928 3818 1000 3888 ml.

288 3966 394 4030 codd.
411 3963 528 4031 AXII
543 3965 682 4030 minuso.
701 3970 739 4030 25
759 3966 932 4048 Theoph.
953 3986 1018 4026 vss.
1037 3962 1178 4046 aliquod:
1204 3985 1252 4022 και
1261 3965 1365 4039 ιλεησω
1373 3987 1422 4042 νην
1432 3985 1482 4024 ova

201 4087 357 4164 ηλεημενην.
380 4085 527 4147 Paulus
543 4085 646 4168 igitur
661 4087 724 4148 hoo
740 4085 813 4147 loeo
830 4084 949 4148 iterum
963 4081 1113 4147 Valioaui
1129 4080 1305 4145 lectionem
1322 4083 1480 4166 sequitur.

202 4205 358 4268 Ceterum
380 4204 502 4268 oodiois
525 4203 612 4270 Aal.
639 4205 739 4268 leobio
762 4205 879 4268 melius
901 4204 1040 4287 quadrat
1060 4202 1102 4264 ad
1123 4208 1254 4264 berlum
1274 4201 1479 4266 hebraicum:

202 4335 356 4414 orere
372 4319 512 4418 'erra
527 4334 652 4420 *rire
667 4335 763 4422 ναι
779 4318 885 4417 erre..
901 4333 1028 4416 *reru

289 4463 316 4528 1)
336 4463 357 4506 0
366 4465 425 4528 rig.
439 4479 498 4526 opp.
512 4465 602 4526 omnia,
617 4466 659 4515 ed.
674 4465 868 4523 Lommatzsoh,
882 4468 947 4514 tom.
959 4463 1039 4520 XXV,
1053 4478 1079 4525 p.
1093 4462 1136 4510 56.

1228 4561 1269 4626 7¹1·
