3376 5200
816 307 856 368 93

195 531 423 591 κεκατηραμενας
440 513 611 593 praeterea
634 517 765 572 mutans
787 510 821 572 in
844 529 1071 586 εαικαταρατος,
1096 530 1160 590 qua
1188 529 1268 571 voce
1294 507 1389 570 LXX
1416 507 1478 572 viri
1548 583 1552 590 Ι

195 632 315 714 ubique
332 629 454 714 (tricies
470 629 588 713 sexies)
605 609 795 692 hebraicum
810 641 889 694 attat
904 626 1129 691 reddiderunt.
1172 626 1327 690 Ceterum
1343 650 1381 691 eo
1398 627 1477 691 faoi-

195 751 259 814 lius
275 751 446 834 apostolus
462 749 496 813 in
511 748 729 812 mutationem
745 748 837 812 illam
852 747 996 811 incidere
1012 753 1160 830 poterat,
1182 747 1270 830 quod
1285 747 1383 830 paulo
1400 754 1478 811 ante

196 874 237 954 (3,
256 873 307 952 io)
330 869 471 932 similem
486 868 736 932 Deuteronomii
757 869 867 931 locum
888 870 951 951 (27,
970 868 1022 950 26)
1039 867 1259 950 allegaverat:
1285 889 1328 928 οτι
1345 889 1478 928 anaara-

196 1012 285 1070 ρατος
303 981 362 1057 νας
379 991 437 1049 κτλ.
482 989 580 1052 Quod
597 989 638 1052 ad
653 994 884 1071 argumentum
901 985 1043 1069 apostoli
1059 984 1192 1065 attinet,
1210 987 1324 1070 negari
1340 1009 1406 1052 non
1419 1009 1478 1070 po-

195 1108 290 1187 terit,
313 1129 428 1172 vocem
447 1130 506 1176 νας
525 1130 542 1171 e
558 1106 707 1171 versione
719 1108 815 1170 Alex.
835 1113 950 1170 contra
965 1111 1097 1169 textum
1107 1106 1199 1170 hebr.
1217 1113 1385 1190 receptam
1400 1129 1478 1190 prae
1537 1153 1540 1165 .

197 1227 314 1292 ceteris
345 1227 465 1311 urgeri.
513 1227 612 1290 Quod
643 1233 754 1290 autem
784 1227 907 1289 Paulus
937 1225 1038 1290 verba
1069 1231 1218 1286 vacceos
1243 1225 1386 1304 omittit,
1412 1249 1479 1290 non

195 1355 318 1411 temere
334 1347 465 1411 videtur
480 1346 605 1410 factum
622 1368 693 1409 esse
702 1371 710 1423 ;
737 1345 906 1408 Christum
922 1345 1007 1409 enim
1025 1367 1176 1428 expresse
1193 1351 1400 1409 exsecratum
1416 1346 1477 1409 deo

197 1467 322 1545 dicere,
355 1467 506 1552 apostolo
534 1467 755 1529 verecundum
786 1467 904 1552 erat¹).
952 1465 1036 1528 Cum
1067 1472 1178 1528 autem
1207 1465 1389 1530 exsecratio
1420 1465 1479 1529 illa

197 1608 429 1669 suspensorum
445 1585 585 1649 maxime
601 1585 635 1648 in
651 1607 688 1649 eo
705 1585 814 1669 posita
830 1591 934 1663 esset,
958 1585 1047 1668 quod
1068 1585 1210 1648 malefici
1230 1592 1267 1648 ut
1286 1586 1347 1649 deo
1365 1585 1478 1649 devoti

196 1706 328 1790 publice
345 1706 489 1769 omnium
506 1705 609 1769 oeulis
629 1689 926 1790 exponebantur¹),
953 1706 1123 1790 apostolus
1146 1705 1227 1768 satis
1250 1706 1409 1784 habebat,
1436 1704 1478 1768 ad

197 1849 235 1890 ea
259 1826 508 1889 Deuteronomii
532 1827 632 1890 verba
661 1848 855 1909 provocare,
891 1825 1009 1908 quibus
1040 1824 1146 1909 quivis
1177 1847 1355 1908 suspensus
1386 1847 1477 1888 exse·

197 1945 336 2008 orationi
353 1946 513 2007 obnoxius
530 1945 745 2028 dicebatur³).

675 2203 796 2257 Locus
813 2203 995 2257 nxxvn.

560 2337 682 2420 Ephes
701 2341 732 2414 4,
752 2341 769 2399 8
787 2337 830 2400 ef.
849 2339 971 2401 Psalm.
991 2343 1042 2416 68,
1062 2342 1112 2403 19.

285 2511 351 2586 Διὸ
371 2516 459 2605 λέγει
474 2511 631 2607 Ἀναβὰς
646 2521 695 2602 εἰς
711 2509 808 2610 ὕψος
824 2511 1100 2620 ᾖχμαλαὶαενσεν
1119 2516 1371 2609 αἰχμαλωσίαν
1386 2514 1477 2608 [καὶ]

197 2655 327 2724 ἔδωκεν
346 2646 488 2744 δόματα
507 2664 582 2739 τοῖς
601 2646 825 2751 ἀνθρώποις.

282 2799 350 2865 VV.
366 2798 434 2865 ΙνΙν.
465 2797 575 2864 thal.
595 2801 704 2861 taath.
722 2806 784 2862 αλν.
806 2803 884 2863 αἶαν.
902 2802 1063 2883 praebent
1077 2797 1300 2882 ηχμαλωταασας
1322 2808 1356 2863 et
1371 2803 1480 2868 εὸωκας

199 2918 254 2999 (ef.
271 2917 397 3001 LXX);
424 2918 520 2982 codd.
537 2923 557 2981 4
574 2917 661 3001 apud
681 2918 826 2982 Wetst.
852 2919 933 2982 adeo
953 2923 1197 3002 αιχμαλωτευσας.
1220 2962 1252 2970 -
1273 2921 1352 2985 Sola
1372 2920 1478 2984 versio

201 3039 319 3100 elaeon.
348 3059 406 3120 pro
433 3039 542 3105 adnuae
559 3037 669 3100 reddit
687 3040 803 3120 ελαβες,·
819 3039 893 3102 vide
908 3039 1030 3124 LXX.)
1043 3080 1075 3088 -
1089 3065 1138 3103 και
1158 3042 1318 3106 omittunt
1343 3039 1479 3110 rhet*

197 3155 336 3224 DEFG
358 3160 408 3222 17.
424 3157 467 3220 al.
491 3157 562 3220 ital.
585 3159 667 3240 culp.
690 3165 769 3240 eopt.
791 3160 930 3232 olcooo.;
955 3159 1171 3226 Tischend.
1188 3186 1236 3222 και
1257 3160 1383 3245 recepit
1405 3182 1479 3223 oum

197 3275 510 3344 1103113111313ε
525 3277 592 3345 KL
603 3279 646 3342 al.
667 3277 734 3342 fere
751 3279 914 3358 omnibus,
931 3301 1033 3344 verss.
1046 3283 1131 3362 poth.
1148 3304 1209 3366 αμν.
1227 3288 1289 3344 μέν.
1302 3281 1345 3344 al.
1368 3279 1477 3363 Orig.

200 3395 289 3480 Cyr.
317 3397 456 3479 Chrys.
483 3397 673 3461 Theodrt.
700 3399 743 3462 al.
778 3437 805 3443 -
833 3400 896 3460 Pro
912 3421 971 3466 νοις
996 3406 1084 3478 ανθρ.
1108 3400 1140 3463 in
1167 3399 1297 3463 codices
1317 3397 1382 3466 Fu
1400 3400 1479 3463 al.e

198 3513 295 3577 LXX
316 3513 393 3576 viris
413 3514 545 3596 irrepsit
570 3537 598 3575 εν
617 3521 787 3596 ανθρωποις
808 3517 863 3579 vel
878 3539 907 3577 αν
925 3523 1084 3597 ανθρωπω.

284 3648 395 3716 Lxx.
435 3635 575 3731 ἀναβάς
593 3645 642 3727 εἰς
658 3635 754 3737 ὕψος
770 3637 1054 3746 ᾑχμαλαλαεασας
1072 3645 1336 3738 αἰχμαλωσίαν,
1355 3645 1480 3739 ἔλαβες

198 3769 399 3879 δόματα-ἐν
415 3769 709 3872 ἀνθρώποιςλαα.
734 3789 840 3852 Rom„-
871 3795 1044 3875 ανθρωαα).

284 4029 312 4092 1)
331 4031 364 4080 ln
377 4030 469 4080 eudem
482 4032 619 4081 sententia
635 4033 744 4081 invenio
757 4032 925 4082 Bleekium
945 4031 1069 4097 (Veraci
1087 4035 1156 4084 einer
1173 4033 1255 4083 collat.
1272 4033 1343 4084 Eine.
1360 4052 1413 4084 zum
1431 4033 1478 4084 Br.

198 4130 230 4161 αα
244 4112 282 4162 die
295 4111 373 4162 Hebr.
387 4132 414 4180 p.
428 4114 490 4178 ³49)
514 4121 541 4166 et
554 4118 728 4178 Baehrium
748 4115 834 4182 (stud.
847 4134 872 4165 α.
890 4116 958 4170 Κνίν.
974 4122 1049 4170 1849.
1065 4138 1091 4186 p.
1105 4123 1156 4170 928
1168 4120 1233 4185 aq.).
1271 4122 1382 4171 Prorsus
1399 4124 1480 4172 aliter

198 4203 226 4248 M
234 4215 309 4265 eyei·
321 4201 424 4251 iudicat
436 4202 464 4250 in
478 4205 677 4253 commentario.

284 4307 312 4366 2)
332 4303 373 4354 Cf.
387 4304 566 4363 heveldum,
585 4303 626 4353 die
638 4305 807 4356 Altertht'c'mar
818 4305 861 4354 dea
877 4305 964 4356 Vollces
976 4305 1068 4368 Israel,
1087 4309 1130 4359 ed.
1145 4309 1187 4358 111
1205 4325 1232 4373 p.
1245 4313 1306 4360 420.

267 4407 295 4467 3)
314 4405 356 4455 Cf.
370 4406 613 4472 Wiesingerum
633 4409 667 4458 ad
686 4411 713 4459 h.
728 4413 761 4460 l.:
780 4407 826 4457 dac
847 4405 1027 4473 Geminam,
1053 4410 1099 4460 dae
1115 4409 1220 4475 thpea
1236 4410 1288 4460 aad
1305 4410 1479 4462 schamtona

199 4487 241 4538 der
252 4487 347 4538 Lebem
359 4507 397 4538 am
408 4488 487 4541 Holze
499 4490 531 4540 ist
541 4492 635 4556 perede
648 4492 693 4541 dns
705 4493 750 4542 den
764 4493 842 4544 Flaed
854 4495 1046 4545 aurdrr‘c'okende.
