3376 5200
229 527 245 566 o
262 511 386 585 perdes,
411 511 446 566 at
460 505 597 586 populus
619 505 684 566 eice
704 504 825 567 iubila.
871 505 1019 568 Verbum
1040 516 1128 590 ttt'tfl
1155 509 1243 568 certe
1266 504 1388 566 Psalm.
1406 509 1457 582 65,
1477 509 1506 567 9.

228 624 443 702 Job.29,13
474 629 586 706 aperte
617 623 783 707 significat
813 624 945 686 iubilore
969 625 1072 710 jeci&
1113 624 1265 687 absolute
1296 622 1395 686 etiam
1425 623 1508 706 legi-

227 750 283 806 tur
312 744 433 806 Psalm.
463 747 513 821 32,
538 747 575 808 11
608 749 642 806 et
673 747 724 820 81,
749 748 778 806 2.
827 745 875 806 At
904 751 1038 827 propter
1069 765 1183 807 sensus
1216 741 1509 806 inconcinnitatem

227 885 322 926 nemo
347 861 655 946 interpretationem
679 862 771 925 illam
796 861 893 926 hodie
918 870 1041 926 tuetur.
1089 864 1124 946 2)
1148 863 1279 926 iubilate
1296 868 1414 942 pentes,
1442 861 1509 945 (qui

228 982 320 1065 estis)
332 984 465 1064 populas
482 983 557 1045 einr.
604 983 658 1045 Ita
674 981 825 1064 Aquil.:
854 1005 1053 1060 αινοποιησατε
1070 989 1142 1060 resq
1159 985 1231 1048 icoc
1249 1004 1355 1050 aorem·
1379 983 1507 1046 'Pheo-

228 1102 327 1164 dot.:
356 1103 539 1180 αγαλλιασθε
563 1107 635 1179 resq
657 1103 729 1168 λαος
757 1123 863 1170 cotom
900 1100 1051 1166 similiter
1074 1101 1243 1179 Luther,
1277 1122 1293 1164 e
1318 1101 1507 1164 recentiori·

226 1221 289 1284 bus
305 1221 453 1284 Ewald.
479 1221 577 1284 Varie
593 1220 675 1285 varii
691 1223 776 1284 hano
791 1220 974 1284 versionem
989 1221 1198 1305 interpretati
1211 1227 1305 1297 sunt;
1324 1223 1387 1283 hoe
1397 1227 1508 1283 autem

228 1347 354 1404 eertum
376 1348 442 1418 est,
466 1347 539 1403 tum
560 1363 674 1404 vocem
696 1351 764 1409 crit
785 1341 825 1404 de
845 1342 967 1424 populo
983 1341 1168 1404 israelitico
1183 1339 1407 1424 accipiendam
1424 1361 1505 1403 esse.

228 1460 293 1523 Sed
308 1467 346 1523 ut
365 1463 428 1524 hoc
445 1460 607 1540 omittam,
631 1471 698 1528 nrn
720 1483 850 1544 perraro
874 1461 913 1524 de
932 1435 1095 1524 Israelitis
1111 1460 1227 1544 legi¹),
1250 1459 1383 1524 minime
1399 1459 1505 1537 video,

227 1603 284 1643 cur
302 1582 366 1643 hoe
381 1579 590 1664 potissimum
611 1582 685 1644 loco
701 1580 793 1643 notio
815 1579 1032 1643 usitatissima
1049 1591 1111 1646 ihr
1127 1603 1193 1642 non
1208 1580 1271 1660 nisi
1293 1579 1507 1663 appositionis

226 1701 299 1763 loco
321 1700 468 1763 accedat.
508 1701 544 1783 3)
567 1701 650 1763 Inde
669 1723 735 1763 non
751 1700 813 1762 nisi
830 1702 911 1763 haec
926 1706 1032 1762 restat
1047 1698 1294 1782 interpretatio:
1311 1700 1505 1780 praedicate,

222 1825 344 1900 peotes,
368 1821 513 1900 poputum
539 1820 614 1883 eius.
657 1821 740 1882 Tum
765 1833 833 1886 neit
857 1818 1000 1882 vocativi
1023 1825 1134 1901 partes
1158 1824 1266 1896 tenet,
1293 1829 1354 1884 th!
1384 1818 1508 1901 pendet

226 1939 267 2003 ab
298 1951 397 2004 ἹΒᾞἾΠ
428 1939 568 2022 (proprie
604 1941 683 2023 qaod
711 1940 753 2000 od
776 1940 924 2020 populum
957 1939 1023 2000 eice
1052 1939 1192 2022 obticet).
1238 1938 1292 2001 lta
1327 1937 1505 2015 Hieron,

226 2059 385 2137 Onkel„
409 2061 549 2142 Syrus,
574 2059 771 2136 Samarit,
799 2057 960 2136 Saadia,
988 2057 1143 2136 Isaaki,
1172 2057 1337 2135 Calvia,
1363 2058 1504 2121 Gesen.

226 2181 311 2260 (thes.
330 2179 358 2257 I,
383 2181 455 2261 272)
476 2179 626 2256 Dathe3
654 2179 696 2242 cf.
719 2179 801 2262 inpr.
826 2179 1004 2261 Kamph.‚
1028 2180 1084 2240 dor
1104 2178 1183 2240 Lod
1198 2178 1308 2252 Mesia,
1326 2201 1358 2260 p.
1378 2181 1438 2240 219
1454 2199 1503 2258 sq.

310 2300 448 2360 Prorsus
470 2299 598 2362 diversa
618 2299 745 2362 ratione
766 2298 862 2362 LXX
884 2297 1019 2382 interpr.
1038 2320 1168 2362 versum
1188 2304 1337 2360 nostrum
1356 2295 1504 2360 reddide-

224 2425 319 2482 runt:
344 2425 528 2498 evqpardqre
547 2442 663 2498 ovoaror
681 2443 745 2496 αμα
764 2442 842 2479 αυτω
861 2442 910 2478 και
928 2439 1206 2497 neocaes-pomorum
1235 2439 1313 2477 curor
1336 2439 1441 2483 παντες
1459 2439 1505 2491 αγ-

224 2543 298 2618 ysici
321 2544 408 2599 dccv·
431 2544 615 2617 ευφρανθητε
637 2546 708 2617 sea]
730 2562 802 2616 μετα
826 2561 877 2598 rov
901 2539 973 2598 λαου
998 2560 1087 2598 αυτου
1105 2559 1154 2596 και
1177 2559 1404 2616 ενισχυσατωσαν
1428 2560 1506 2598 aveo)

224 2679 330 2726 παντες
347 2681 401 2718 oros
423 2663 505 2718 θεον.
539 2657 605 2720 Uni
621 2657 724 2740 igitur
740 2656 949 2720 hemistichio
965 2663 1078 2719 textus
1094 2656 1186 2719 hebr.
1205 2656 1415 2720 hemistichia
1430 2657 1505 2719 sub·

224 2777 405 2842 stituerunt
418 2784 585 2860 quattuor.
612 2769 708 2840 Unde
718 2776 890 2840 hauserint
906 2798 954 2854 ea,
973 2775 1205 2839 difficillimum
1217 2784 1268 2839 est
1280 2775 1382 2838 dictu.
1408 2775 1506 2838 Quod

224 2898 420 2962 adversum
444 2904 594 2960 nostrum
619 2897 756 2975 attinet,
783 2897 823 2960 de
848 2895 937 2960 varia
960 2896 1104 2960 lectione
1129 2895 1268 2979 cogitari
1292 2895 1347 2958 vix
1370 2894 1504 2978 poterit,

225 3039 412 3102 quanquam
435 3016 468 3079 in
494 3017 605 3080 codice
628 3017 872 3080 Kenniootti
897 3039 961 3080 uno
989 3019 1074 3099 (146)
1100 3016 1223 3099 legitur
1247 3027 1308 3082 thy
1328 3032 1375 3082 nte
1397 3019 1505 3098 (quam

224 3137 402 3202 lectionem
424 3137 648 3214 Eichhorn,
681 3138 829 3218 diodeiip.
854 3138 887 3198 ic
909 3138 964 3199 dor
982 3141 1018 3198 Α.
1041 3137 1072 3198 Τ.
1096 3136 1163 3218 lp.
1188 3139 1260 3212 304,
1291 3134 1415 3199 scribae
1438 3132 1505 3197 eni·

225 3259 299 3322 dam
315 3257 427 3321 lsaaki
448 3256 754 3340 interpretationem
776 3255 966 3339 respicienti
987 3255 1122 3332 tribuit3
1147 3262 1219 3318 tum
1241 3277 1406 3333 senopem
1422 3254 1506 3317 illud

224 3378 321 3441 LXX
336 3377 480 3441 virorum
501 3377 593 3440 nullo
614 3377 711 3440 modo
732 3377 773 3440 ad
793 3377 917 3440 variam
932 3375 1108 3440 lectionem
1128 3375 1218 3439 illam
1235 3375 1348 3439 referri
1368 3378 1504 3458 potest).

224 3498 387 3581 Equidem
403 3496 603 3580 suspicabar,
622 3497 655 3560 in
671 3496 860 3580 interpretis
876 3496 986 3580 graeci
998 3497 1109 3560 codice
1120 3496 1260 3560 fortasse
1270 3494 1371 3558 fuisse
1381 3506 1504 3572 intui,

223 3617 328 3681 literis
345 3629 388 3684 ὒν
405 3617 531 3681 scribae
547 3617 672 3681 incuria
687 3615 848 3701 repetitis.
862 3619 884 3700 ⁹)
907 3657 936 3664 —
961 3617 1045 3679 Utut
1060 3639 1111 3680 res
1128 3639 1162 3680 se
1178 3617 1290 3694 habet,
1314 3613 1409 3679 Pauli
1425 3614 1505 3678 alle-

224 3738 315 3822 gatio
341 3739 382 3802 ad
397 3737 492 3800 LXX
515 3737 601 3800 viros
626 3745 784 3820 provocat
809 3741 871 3800 hoo
892 3759 1006 3815 sensu,
1031 3737 1187 3820 gentibus
1209 3733 1431 3798 misericordia
1453 3733 1505 3796 dei

226 3856 351 3921 vocatis
367 3881 432 3921 una
451 3880 525 3920 oum
541 3858 662 3940 populo
680 3858 786 3921 electo
804 3859 901 3922 deum
921 3879 992 3921 esse
1012 3841 1255 3920 celebrandum.
1295 3855 1388 3918 Quae
1404 3854 1505 3917 inter-

294 4117 321 4182 1)
341 4119 506 4182 Hupfeld,
520 4117 560 4167 die
571 4117 686 4167 Psolmen
699 4120 712 4168 I
725 4137 752 4184 p.
767 4123 808 4179 21,
826 4127 885 4172 ΕΜ
903 4118 990 4183 ubique
1009 4118 1041 4168 de
1060 4118 1185 4182 gentibus
1204 4116 1353 4180 peregrinis
1372 4117 1504 4180 accipien-

225 4205 287 4254 dum
302 4221 360 4255 esse
374 4205 526 4254 contendit.

293 4306 320 4370 2)
340 4307 373 4356 In
386 4307 467 4356 simili
481 4309 619 4358 sententia
631 4309 740 4358 invenio
760 4310 796 4358 de
810 4311 961 4358 Roscium
980 4307 1021 4371 (in
1034 4310 1122 4372 suppl.
1143 4307 1177 4356 ad
1190 4307 1276 4355 varias
1289 4302 1391 4366 lectt),
1409 4319 1504 4368 nempe

225 4395 354 4458 scriptum
366 4393 450 4442 fuisse
459 4399 510 4445 th!
520 4400 557 4444 n!
566 4395 656 4458 posito
666 4401 704 4445 nb
713 4396 762 4444 sub
772 4397 850 4445 finem
863 4396 952 4445 lineae
961 4399 1089 4460 tapquam
1099 4392 1237 4458 sequentis
1247 4391 1371 4440 vocabuli
1382 4391 1502 4439 custode.

224 4481 328 4529 Attum
341 4479 510 4528 scribendum
522 4484 580 4529 eret
593 4487 652 4530 m.
