3376 5200
720 603 841 657 nocue
859 602 987 656 nxxl.

562 761 578 821 1
597 756 672 820 Cor.
693 760 743 833 15,
763 759 801 819 25
820 754 861 818 cf.
880 754 1003 817 Psalm.
1023 758 1094 832 110,
1114 758 1143 818 l.

301 959 364 1027 Δεῖ
379 949 448 1051 γάρ
468 947 581 1024 αὐτὸν
598 946 812 1042 βασιλεύειν,
832 944 917 1047 ἄχρι
935 939 978 1018 οὗ
994 948 1049 1052 θῇ
1074 941 1215 1034 νιάνιας
1235 944 1319 1034 uode
1338 947 1495 1044 ἐχθροὺς

212 1087 284 1164 ὑπὸ
307 1087 390 1177 rode
408 1085 525 1176 πόδας
543 1083 667 1160 αὐτοῦ.
709 1089 716 1105 ’

296 1239 365 1305 VV.
398 1237 467 1304 LL.
522 1257 586 1315 αχρι
612 1257 645 1295 ον
679 1233 759 1318 (sine
785 1236 831 1317 αν)
865 1231 1054 1314 scripsimus
1086 1253 1159 1294 eum
1190 1229 1367 1298 &ABBFG
1392 1233 1434 1294 al.
1463 1239 1493 1296 6.

214 1357 323 1441 Orig.
342 1357 416 1440 (bis)
444 1354 562 1438 Hipp.
596 1355 689 1417 Ath.
717 1353 862 1415 Euseb.
889 1350 1031 1434 Epiph.
1058 1352 1118 1426 al.;
1155 1373 1188 1411 ον
1211 1374 1246 1412 αν
1271 1351 1430 1434 praebent
1455 1367 1495 1419 κθ

214 1479 290 1544 Dae
306 1483 340 1540 et
355 1474 498 1541 ascen
515 1474 557 1538 al.
581 1473 689 1558 Orig.
708 1473 832 1556 (semel,
851 1471 930 1534 alibi
946 1493 999 1538 unc
1012 1473 1058 1554 αν)
1077 1471 1218 1554 Chrys.
1240 1471 1430 1535 Theodrt.
1449 1454 1508 1535 al..

212 1601 259 1680 (at
282 1596 356 1659 vide
381 1595 501 1678 LXX).
525 1634 556 1641 -
584 1600 709 1674 εχθρονς
731 1593 812 1676 (sine
838 1594 938 1674 ανιου)
962 1591 1125 1654 edendum
1147 1601 1198 1654 est
1220 1614 1293 1655 cum
1316 1592 1495 1658 RBDEKL

211 1717 253 1780 al.
272 1715 447 1800 plerisque,
466 1717 486 1778 d
504 1737 519 1778 ι
534 1716 589 1777 ναί
610 1763 616 1778 .
636 1713 748 1797 (etiam
764 1713 870 1774 ανιιαι.
886 1712 996 1774 demta.
1009 1712 1077 1790 all,
1095 1719 1259 1796 apapreat,
1279 1711 1386 1794 Orig.
1405 1713 1493 1775 Eue.

212 1836 348 1920 Chrys.
376 1835 567 1898 Theodrt.
599 1833 652 1917 (ad
674 1835 708 1896 h.
729 1835 783 1916 l.);
830 1831 990 1910 Lachm.
1023 1831 1056 1893 in
1081 1831 1174 1894 uncis
1196 1831 1290 1896 addit
1310 1855 1399 1894 αντον
1420 1855 1495 1896 cum

211 1953 302 2021 AFG
318 1955 361 2018 al.
374 1955 426 2036 sp
442 1977 470 2016 ιιι
485 1955 567 2033 νιιίρ.
586 1953 694 2036 (codd.
712 1953 838 2035 noun).
861 1989 892 1997 -
914 1975 1003 2012 αντον
1021 1957 1098 2034 post
1116 1953 1210 2019 παόας
1224 1951 1385 2016 omittunt
1401 1951 1460 2020 Fi}
1474 1979 1495 2035 q
1517 2021 1519 2024 ,

213 2079 259 2160 (at
283 2074 382 2138 iidem
408 2095 497 2134 αννοι
512 2079 589 2156 post
609 2077 734 2152 ιχθρονς
748 2071 962 2154 praebebant)
982 2070 1089 2134 Hier.
1106 2071 1181 2134 loeo
1197 2094 1274 2134 unc.

297 2210 407 2279 LXX.
445 2193 568 2271 κάθου
592 2203 628 2269 ἐκ
648 2198 772 2282 δεξιῶν
790 2223 881 2288 μου,
911 2199 977 2284 ἕως
996 2191 1042 2266 ἂν
1059 2197 1119 2267 θῶ
1142 2194 1227 2284 uode
1246 2192 1405 2296 ἐχθρούς
1427 2224 1494 2272 σου

213 2333 414 2410 ὑποπόδιον
433 2338 504 2408 τῶν
521 2337 646 2408 ποδῶν
665 2359 742 2407 σου.

298 2487 409 2554 fleur.
455 2476 565 2578 abab}
579 2481 650 2576 aaa
665 2481 765 2575 *lii*
780 2478 932 2572 ardu-uz
948 2475 1053 2564 ηανξ
1069 2477 1117 2564 :p

298 2625 450 2688 Paulus
469 2621 572 2704 igitur
587 2619 768 2703 particulae
781 2642 835 2688 εως
853 2643 888 2679 αν
907 2618 1082 2682 substituit
1098 2641 1214 2698 αχριον,
1230 2617 1369 2702 primam
1384 2642 1495 2702 perso-

214 2768 289 2808 nam
306 2745 376 2827 (θα)
393 2743 427 2804 in
441 2741 575 2804 tertiam
591 2739 696 2818 flexit,
721 2740 809 2823 quod
828 2746 965 2823 propter
980 2740 1178 2804 antecedens
1196 2741 1235 2800 δει
1252 2763 1306 2819 γαρ
1326 2762 1413 2800 avena
1430 2743 1495 2821 βασ.

214 2863 310 2928 aliter
325 2861 396 2926 fieri
411 2884 478 2924 non
493 2866 641 2944 poterat3
665 2859 782 2923 deinde
798 2881 911 2927 πανιας
932 2859 1060 2923 addidit
1085 2867 1162 2923 ante
1186 2881 1254 2927 τονς
1272 2866 1410 2939 εχθρονς,
1437 2884 1496 2943 pre

213 2984 334 3044 νποιιοδ.
352 3005 408 3042 νων
426 2983 489 3042 aad.
507 3002 560 3041 σου
582 2979 775 3064 simpliciter
798 2981 935 3063 praebet
956 3003 1012 3040 νιιο
1030 3003 1097 3048 τους
1117 2983 1210 3048 audac
1234 3003 1323 3040 αντον
1335 2981 1369 3064 ι).
1422 2982 1497 3044 Vox

213 3124 326 3170 πανιας
349 3109 460 3166 autern
475 3099 572 3164 facile
591 3099 732 3183 irrepere
748 3106 880 3184 poterat
902 3101 1008 3163 eloco
1026 3099 1142 3164 deinde
1160 3101 1305 3183 allegato
1325 3122 1422 3163 παντα
1441 3125 1495 3182 γαρ

214 3221 353 3296 νπιιαξεν
376 3224 449 3292 κτλ,
472 3220 529 3285 ubi
554 3222 724 3304 apostolus
747 3221 807 3284 sub
830 3221 930 3284 finem
951 3221 1071 3284 iterum
1098 3219 1292 3303 simpliciter
1314 3223 1416 3285 habet
1439 3244 1495 3284 νπο

136 3380 139 3386 -
214 3366 282 3411 τους
300 3345 393 3409 notar
411 3363 509 3400 ανιον.
542 3341 697 3404 Ceterum
712 3342 806 3404 locus
822 3347 935 3403 noster
950 3363 1016 3402 non
1032 3339 1095 3402 nisi
1110 3342 1195 3403 hanc
1212 3340 1253 3403 ob
1271 3362 1402 3404 causam
1420 3364 1495 3405 con-

216 3461 303 3522 sulto
321 3465 468 3520 mutatus
485 3458 550 3521 dici
565 3466 694 3542 potest,
722 3460 810 3542 quod
831 3482 896 3522 vox
921 3481 985 3538 αχρι
1004 3481 1036 3518 ov
1061 3465 1191 3540 praeter
1212 3460 1340 3541 psaltae
1365 3468 1495 3525 senten-

214 3578 295 3642 tiam
306 3578 329 3662 ²)
354 3577 529 3661 premitur,
555 3584 594 3641 ut
616 3585 740 3640 certum
763 3577 940 3641 terminum
961 3577 1114 3641 tradendi
1135 3577 1306 3661 imperium
1329 3580 1493 3664 designet.

215 3703 263 3763 At
288 3697 462 3762 deficiente
486 3696 697 3781 allegationis
728 3697 869 3762 formula
899 3697 1028 3782 integer
1058 3699 1151 3762 locus
1183 3697 1288 3762 minus
1319 3701 1493 3784 allegatur,
1556 3769 1558 3774 ,

216 3843 313 3902 quam
335 3818 438 3882 libere
462 3816 605 3902 apostoli
629 3817 769 3880 orationi
792 3817 957 3883 inseritur.

301 4130 327 4194 1)
347 4133 478 4182 Similiter
491 4133 590 4182 Metth.
605 4135 646 4192 22,
659 4135 706 4182 44:
727 4149 849 4183 νποκατιι
865 4151 915 4185 των
931 4134 1019 4184 nodus
1037 4150 1098 4193 σου,
1117 4138 1146 4184 at
1158 4135 1256 4197 ubique
1269 4137 1409 4198 praeterea
1422 4131 1495 4196 (Act.

215 4222 239 4276 2,
252 4218 294 4267 35.
314 4219 396 4268 Hebr.
412 4220 435 4276 1,
449 4221 491 4267 13.
512 4219 611 4281 10,13)
632 4219 747 4268 νποποδ.
761 4237 811 4268 των
824 4219 885 4270 nod.
901 4236 958 4268 σαν.

300 4318 328 4382 2)
347 4320 483 4370 Particule
496 4325 532 4372 7!
551 4323 621 4370 euim
635 4320 692 4384 (ειις
704 4320 748 4384 αν)
767 4322 796 4371 in
812 4323 871 4371 loco
885 4325 978 4372 nostro
997 4326 1089 4387 aperte
1108 4339 1162 4373 non
1179 4328 1325 4372 extremum
1345 4322 1495 4379 terminum,

216 4404 263 4454 sed
276 4405 376 4454 firmem
389 4410 496 4456 tantum
508 4407 546 4456 rei
560 4407 790 4471 exspectationem
803 4409 938 4473 designet.
