3376 5200
776 281 930 390 ...11]ψ

291 501 359 568 W.
376 500 444 566 LL.
483 499 588 562 Codd.
607 498 666 566 Fd
689 499 847 582 praebent
866 521 944 566 οπως
963 521 1005 557 av.
1027 538 1058 546 -
1080 498 1136 564 PL
1153 499 1196 562 al,
1224 496 1386 574 ενδειξομαι,
1408 499 1486 564 -L

206 639 248 701 al.
273 636 404 719 inepte:
437 637 578 715 droyyeler.
677 719 686 736 .

290 773 390 840 Lxx
413 775 460 835 ed.
486 773 590 834 Rom:
616 763 675 832 καὶ
695 765 811 834 ἕνεκεν
830 757 961 833 τούτου
982 756 1275 859 ὸ“ιειηρήθης(ι1.
1291 755 1485 856 διειήρησά

207 901 273 990 σε),
292 901 351 971 ἵνα
370 899 577 990 ἐνδείξωμαι
596 901 634 968 ἐν
652 899 710 968 σοὶ
728 895 793 994 τήν
813 891 916 988 ἰσχύν
934 901 993 984 (al.
1014 891 1187 990 δύναμιν)
1208 923 1281 991 μου
1304 897 1365 968 καὶ
1389 889 1487 984 ὅπως

206 1036 368 1141 διαγγελῇ
390 1031 428 1106 τὰ
449 1027 566 1128 ὄνομά
584 1061 655 1126 μου
675 1040 712 1104 ἐν
731 1030 832 1140 πάσῃ
851 1035 894 1140 τῇ
913 1037 969 1139 γῇ.

291 1184 358 1250 VV.
375 1184 442 1250 LL.
479 1184 626 1260 διετηρησα
645 1203 676 1242 σε
696 1183 856 1265 praebent
873 1184 946 1247 eod.
966 1186 1024 1247 135
1043 1184 1127 1265 (eod.
1146 1188 1185 1247 85
1206 1188 1294 1245 oerte
1311 1182 1353 1244 ad
1369 1186 1486 1265 marg.)

206 1311 240 1367 et
255 1302 361 1366 versio
378 1304 467 1367 arab.
485 1301 601 1378 tertia3
627 1308 662 1364 at
677 1300 751 1364 vide
768 1300 852 1364 infra
868 1302 908 1365 de
925 1302 1086 1386 hexaplis,
1104 1343 1142 1348 —
1159 1303 1222 1364 Pro
1239 1323 1316 1381 ισχυν
1328 1302 1487 1384 praebent

205 1426 336 1500 δυναμινε
364 1422 459 1485 oodd.
477 1420 505 1486 Α
518 1421 550 1486 Χ
573 1421 618 1504 (in
634 1444 737 1504 marg.
760 1426 847 1505 ισχυν)
865 1429 899 1484 et
915 1422 1010 1486 oodd.
1025 1426 1063 1486 23
1078 1421 1215 1484 minuse.
1228 1422 1380 1484 Holm.-
1394 1421 1486 1484 Quae

205 1542 342 1606 testium
359 1547 393 1604 et
409 1540 588 1604 auotoritas
609 1548 643 1603 et
660 1541 838 1604 multitudo
860 1541 926 1604 iam
941 1564 999 1626 per
1015 1564 1049 1604 se
1065 1541 1244 1605 lectionem
1258 1540 1382 1604 variam
1405 1543 1486 1600 dova-

204 1686 249 1738 μιν
264 1671 303 1724 ut
319 1659 580 1742 antiquissimam
597 1662 837 1744 comprobaret,
856 1660 1067 1724 etiamsinon
1083 1661 1255 1724 aeoederet
1271 1661 1486 1744 hexaplorum

205 1779 443 1844 testimonium.
490 1781 588 1843 'Peste
614 1779 947 1844 Montefaloonio
972 1787 1083 1844 autem
1105 1780 1147 1843 ad
1171 1783 1340 1860 ὅιετηρηθης
1372 1779 1405 1842 in
1431 1783 1486 1842 he·

205 1901 311 1984 xaplis
328 1900 523 1963 adnotatum
537 1906 622 1962 erat:
641 1899 718 1959 Ati.
730 1901 877 1979 διετηρησα
888 1922 919 1960 σε
931 1902 952 1982 ¹)
963 1921 1023 1964 neo
1037 1923 1102 1964 non
1113 1899 1154 1963 ad
1165 1921 1258 1979 ισχυνι
1278 1899 1487 1977 Αλλδυναμιν.

206 2021 255 2084 Ex
283 2019 332 2082 his
358 2018 533 2082 manifesto
556 2026 693 2103 apparet
699 2068 708 2097 ,
737 2025 824 2082 certe
847 2020 984 2083 alteram
1001 2019 1119 2083 Pauli
1140 2017 1318 2083 leetionem
1343 2005 1487 2100 (δυναμιν)

206 2142 248 2204 ad
273 2139 402 2204 oodiees
428 2138 673 2222 antiquissimos
698 2139 903 2202 referendam
928 2140 1040 2224 esse').
1086 2140 1205 2223 Itaque
1231 2161 1296 2202 non
1320 2138 1384 2201 nisi
1406 2161 1443 2201 eo
1469 2163 1488 2202 a

205 2259 353 2324 versione
376 2259 601 2323 Alexandrina
624 2259 766 2336 recedit,
793 2261 881 2343 quod
906 2259 1014 2324 verbis
1038 2259 1201 2344 prioribus
1226 2257 1417 2322 substituit:
1449 2280 1488 2326 εις

206 2403 277 2440 uoto
295 2402 379 2440 τουτο
398 2379 523 2458 εξηγειρα
541 2401 582 2450 σε,
597 2400 683 2447 οπως.
713 2379 805 2442 Quae
822 2381 922 2443 verba
937 2379 1041 2462 primo
1058 2381 1179 2443 obtutu
1195 2378 1312 2441 melius
1329 2379 1487 2462 quadrare

205 2499 359 2563 videntur
392 2500 433 2562 ad
462 2506 593 2562 textum
626 2499 817 2562 hebraicum
849 2508 951 2592 ³³:122,
981 2508 1141 2590 ἦᾞζὶωη
1170 2496 1231 2566 nili
1261 2508 1363 2589 Ἦὶξξ
1392 2493 1488 2591 Obiit]

204 2613 374 2712 ffiffl'bzvzq
399 2615 465 2711 thri}
490 2633 552 2702 'po
576 2613 671 2713 ῑξᾯξῆ
693 2615 819 2712 'inb'rhq
844 2620 976 2711 ῆηὲὲᾎη,
1003 2641 1100 2701 quam
1122 2617 1276 2680 editionis
1292 2619 1387 2680 Rom.
1411 2617 1484 2680 illa:

205 2762 286 2800 ενεκα
304 2760 406 2799 τουτου
421 2741 595 2816 διετηρηθης.
647 2739 711 2801 Sed
738 2745 814 2800 ante
840 2737 948 2800 omnia
973 2741 1035 2800 hoo
1066 2739 1263 2800 monendum
1292 2745 1360 2814 est,
1393 2737 1488 2800 Pauli

205 2860 315 2936 verba,
334 2880 416 2942 quae
433 2865 602 2940 praeterea
618 2856 862 2921 accuratissime
885 2880 959 2920 oum
980 2857 1129 2922 versione
1146 2859 1244 2921 Alex.
1263 2855 1485 2935 consentiunt,

204 2987 277 3047 tum
299 2978 431 3042 demum
456 2978 498 3040 ad
522 2984 635 3040 textus
660 2979 753 3040 hebr.
779 3001 927 3041 normam
952 2977 1201 3042 aoeommodata
1225 2977 1290 3041 diei
1314 2999 1427 3060 posse,
1460 2975 1487 3038 si

205 3099 300 3162 LXX
316 3097 378 3162 viri
393 3097 547 3160 hebraica
563 3096 647 3160 falso
663 3096 852 3160 vertissent.
899 3099 947 3160 At
963 3097 1058 3161 LXX
1079 3097 1222 3161 virorum
1244 3096 1328 3159 illud
1349 3099 1487 3176 drorqpsw

206 3218 322 3282 melius
339 3217 479 3300 quadrat
495 3217 536 3280 ad
552 3217 642 3280 voois
658 3217 830 3280 hebraicae
847 3217 1026 3294 notionem,
1045 3241 1143 3300 quam
1158 3219 1211 3280 Pa
1221 3215 1280 3279 uli
1302 3215 1485 3298 eiryupsffl).

293 3493 318 3556 1)
339 3496 409 3554 Quid
428 3495 498 3559 quod
517 3495 678 3559 Origenes
698 3495 781 3557 (teste
795 3495 945 3558 Holmesio)
959 3497 988 3544 in
1007 3495 1204 3544 commentariis
1223 3496 1282 3558 ipse
1294 3495 1388 3553 Pauli
1408 3494 1487 3544 verba

206 3585 323 3649 ιξηγιιρα
345 3598 373 3630 σι
394 3581 522 3640 retinuit;
548 3581 646 3630 deinde
667 3585 754 3630 autem
776 3581 810 3629 ed
832 3584 922 3630 textus
936 3582 1111 3630 Alexandrini
1129 3583 1239 3629 formam
1258 3578 1414 3646 (ὃιιτηρηθη
1434 3582 1486 3628 ‹ba-

205 3666 271 3734 ραω)
289 3667 380 3716 rediit.

293 3769 319 3831 2)
339 3769 397 3818 Eoo
411 3769 491 3818 etiem
505 3783 535 3818 eo
550 3769 759 3826 commendatur,
774 3770 846 3833 quod
859 3771 995 3820 versiones
1014 3771 1136 3819 arabicae
1149 3771 1234 3833 prima
1247 3771 1275 3818 et
1288 3770 1374 3817 altera
1386 3773 1484 3816 utram-

207 3873 258 3920 que
277 3856 421 3905 leotionem
442 3856 612 3904 coniunctam
631 3855 763 3919 praebent
782 3855 892 3918 (,‚robur
905 3855 1084 3918 permanen
1108 3856 1207 3918 ubsque
1227 3855 1307 3904 dubio
1327 3855 1439 3903 alteram
1458 3853 1485 3901 in

208 3947 296 3999 textu,
315 3943 426 3990 alteram
440 3941 473 3989 ad
486 3941 631 4004 marginem
644 3941 782 4005 legebant.

292 4043 317 4104 3)
337 4049 430 4093 ’1113911
450 4043 555 4106 proprie
575 4043 724 4107 signifieat:
743 4043 881 4107 ator-esech
893 4045 945 4108 olq.
960 4046 987 4094 1ι.
1002 4061 1025 4095 e.
1040 4048 1086 4094 aut
1099 4041 1250 4105 „constituta
1264 4041 1422 4100 stabiliam,
1441 4044 1488 4091 aut

208 4129 409 4191 „oonee1aovit“.
446 4130 546 4177 Nostro
565 4131 653 4177 eutem
672 4130 732 4178 loeo
745 4131 831 4179 altera
843 4132 917 4180 verbi
930 4132 1006 4180 notio
1025 4133 1154 4180 contextu
1170 4129 1344 4180 vehementer
1357 4143 1486 4178 commen·

207 4218 293 4273 datur,
313 4217 412 4280 quippe
425 4215 471 4277 qui
484 4215 553 4263 hane
568 4215 706 4263 verborum
726 4217 889 4266 sententiam
905 4218 1037 4280 requiret:
1057 4231 1196 4278 quenquam
1213 4215 1263 4262 iam
1280 4215 1306 4260 in
1324 4228 1351 4261 eo
1370 4217 1440 4272 wat,
1459 4215 1488 4259 et

203 4317 306 4364 prorsus
318 4305 343 4348 te
356 4300 548 4363 exstinquerem,
567 4297 630 4345 lane
642 4298 671 4346 ob
684 4315 782 4347 oausam
793 4300 950 4362 superstitem
962 4305 986 4349 te
992 4300 1057 4365 seri,
1076 4308 1102 4348 ue
1120 4300 1288 4348 eneruatius
1301 4298 1430 4347 miraculis
1440 4312 1487 4360 po·

207 4387 309 4435 tentiam
330 4401 405 4432 meam
426 4386 453 4433 in
475 4389 499 4432 te
520 4383 702 4446 nroaiseetarem
729 4389 777 4447 (of.
793 4387 874 4436 etiarn
892 4388 938 4435 Ex.
953 4389 977 4444 8,
991 4389 1032 4436 18.
1063 4387 1156 4450 lReg.
1172 4387 1212 4443 15,
1225 4389 1250 4436 4.
1280 4383 1407 4434 achron.
1423 4387 1446 4441 9,
1460 4385 1485 4432 8.

207 4473 285 4523 Prov.
300 4472 392 4531 29,4).
431 4472 474 4520 lta
494 4471 687 4529 Surenhus.‚
707 4471 851 4530 Knobel‚
871 4472 908 4520 de
922 4472 1046 4530 Wette,
1065 4473 1184 4535 Meyer.
