3376 5200
848 281 888 341 84

783 367 954 376 -----.

227 504 293 544 non
317 487 445 564 potest,
479 503 550 543 curn
578 465 711 563 Aquil.
739 483 759 545 S
768 505 881 565 ymm.
908 483 1055 547 Theod.
1083 484 1328 548 consentientes
1353 483 1507 546 reddant:

227 624 287 669 πας
305 623 321 660 o
340 622 452 680 καρπος
474 623 526 661 του
550 606 767 680 περιαιρεθηναι
788 623 838 678 την
859 625 1003 680 αμαρτιαν
1026 625 1116 663 αυτου
1134 605 1193 663 κτλ.
1238 602 1310 665 Imo
1326 601 1421 664 LXX
1437 600 1508 678 viri,

229 722 328 784 verba
350 731 464 787 threnn
486 731 553 786 'lori
573 742 631 802 pro
655 701 804 784 subiecto
823 721 1040 804 accipientes,
1067 721 1196 806 proprie
1218 721 1266 784 ita
1283 722 1392 784 locum
1409 720 1510 783 inter·

228 841 460 923 pretabantur:
486 846 515 901 et
530 840 579 902 hic
595 841 789 924 crisincics,
806 831 870 921 (τὸ)
885 863 1034 904 removere
1045 849 1205 922 peccatum
1221 841 1296 904 eice.
1337 840 1419 903 Inde
1436 839 1510 902 voci

228 975 283 1028 “tn
298 958 538 1024 benedictionis
555 959 723 1023 notionem
739 959 934 1038 tribuentes,
952 960 1152 1025 infinitivum
1167 960 1330 1044 particula
1350 983 1420 1020 orac
1445 959 1510 1022 sol·

229 1088 360 1158 ventes,
386 1080 420 1142 in
441 1079 626 1144 versionem
647 1079 739 1142 illam
760 1078 962 1143 inciderunt:
989 1103 1037 1141 και
1053 1103 1138 1142 τουτο
1157 1102 1229 1142 εστιν
1246 1103 1262 1156 η
1281 1082 1393 1159 ευλογια
1412 1101 1511 1149 ccccv,

228 1224 299 1262 orac
317 1201 468 1279 apellentur
485 1201 543 1259 κτλ.

313 1321 463 1384 Paulus
483 1319 517 1381 in
533 1319 708 1402 allegando
729 1321 804 1383 loco
820 1327 960 1403 utroque
976 1319 1158 1384 versionem
1176 1320 1274 1383 Alex.
1292 1324 1444 1384 accurate
1460 1341 1510 1381 se-

230 1441 350 1524 quitur,
375 1439 437 1502 nisi
454 1440 542 1522 quod
557 1440 631 1503 voci
647 1463 736 1501 resurr
755 1463 867 1504 versus
883 1439 1000 1523 prioris
1017 1439 1193 1503 substituit
1208 1461 1239 1500 eu
1254 1443 1348 1517 Σιων,
1366 1439 1524 1522 particu·

229 1562 295 1623 lam
314 1583 363 1620 και
380 1559 508 1634 omisit3
533 1559 566 1621 in
588 1561 693 1623 altero
716 1567 825 1622 autem
843 1561 916 1623 loco
933 1583 990 1642 pro
1008 1582 1157 1636 αυτουτην
1170 1582 1314 1638 apamiae
1330 1558 1445 1623 scribit
1458 1580 1511 1626 acc

230 1702 488 1759 αμαρτιαςαυτων,
507 1701 590 1761 quae
607 1679 748 1741 mutatio
765 1678 873 1742 verbis
891 1678 1164 1742 antecedentibus
1184 1666 1273 1761 (αντη
1291 1701 1389 1746 aaron·
1403 1703 1420 1755 η
1435 1675 1510 1757 παρ’

230 1823 299 1877 εμου
315 1789 413 1878 dicii.)
433 1799 676 1883 postulabatur.
719 1799 918 1880 Apostolum
936 1805 1048 1860 autem
1066 1798 1256 1863 memoriter
1272 1807 1447 1881 utrumque
1463 1799 1512 1859 lo-

231 1943 305 1983 cum
336 1920 466 1997 afferre,
498 1918 709 2000 allegationis
740 1917 843 2001 ipsius
873 1917 984 1982 indole
1015 1917 1096 1981 satis
1127 1919 1370 2002 comprobatur.
1432 1919 1514 1980 Post
1578 1949 1581 1955 ·

230 2041 331 2103 verba
347 2038 433 2102 enim
449 2062 498 2099 και
515 2061 587 2114 αντη
605 2060 701 2105 actore
719 2062 735 2116 η
753 2033 826 2116 παρ’
848 2059 917 2114 apoc
931 2040 1064 2116 διαθηκη,
1081 2060 1163 2121 quae
1179 2038 1213 2101 in
1228 2040 1302 2101 loco
1319 2040 1386 2102 Jes.
1405 2042 1456 2115 59,
1473 2041 1512 2100 21

230 2161 403 2242 leguntur,
431 2182 496 2223 non
519 2159 670 2222 consulto
697 2158 755 2222 sed
776 2156 992 2221 similitudine
1011 2159 1188 2222 verborum
1210 2159 1372 2223 deductus
1398 2158 1439 2220 ed
1464 2158 1511 2220 al-

231 2288 338 2342 terum
363 2281 474 2342 locum
498 2277 663 2342 aberravit
686 2277 795 2340 verbis
821 2276 997 2339 simillimis
1022 2277 1251 2360 incipientem:
1281 2301 1331 2338 και
1348 2301 1434 2338 τουτο
1451 2270 1512 2353 (al.

232 2394 318 2477 corp)
336 2422 410 2460 eoric
427 2422 444 2476 η
462 2401 573 2478 ενλογια
592 2420 687 2458 ccccv.
734 2398 853 2480 Itaque
873 2397 987 2460 statim
1006 2397 1132 2480 pergit:
1154 2421 1224 2458 orae
1243 2400 1325 2477 apsi.
1344 2400 1413 2470 uri,
1432 2411 1514 2481 qua‘e

232 2520 333 2583 verba
348 2527 424 2602 post
440 2518 571 2581 initium
586 2517 651 2580 loci
667 2518 765 2580 modo
782 2517 939 2600 exscripti
962 2519 1040 2600 (Jes.
1059 2521 1110 2596 27,
1129 2521 1159 2600 9)
1181 2519 1382 2602 leguntur¹).
1429 2517 1516 2581 Hinc

233 2639 327 2703 nobis
345 2639 476 2723 quidem
492 2637 631 2700 maxime
648 2636 825 2700 verisimile
842 2646 909 2713 est,
932 2636 1032 2700 etiam
1053 2637 1196 2720 reliquas
1216 2638 1418 2702 mutationes
1435 2638 1515 2701 alle-

233 2759 361 2843 gationi
382 2757 570 2844 memoriter
590 2756 698 2820 factae
720 2755 912 2818 tribuendas
935 2778 1018 2820 esse.
1064 2759 1182 2841 Neque
1204 2757 1295 2846 enim·
1314 2757 1337 2820 ii
1362 2756 1515 2821 audiendi

234 2887 327 2955 sunt,
355 2878 410 2961 qui
431 2871 514 2964 “pluth
530 2876 725 2939 vertendum
742 2874 842 2938 fuisse
864 2899 912 2946 „eu
926 2875 1022 2937 rest
1043 2877 1227 2956 affirmant,
1253 2899 1359 2960 neque
1382 2877 1422 2940 de
1445 2899 1515 2939 cor-

233 2997 386 3080 ruptione
402 2995 492 3058 vocis
508 3019 538 3056 εκ
560 3017 601 3058 ex
625 3018 714 3056 ενεκεν
733 2995 872 3078 cogitari
887 2997 1042 3080 potest2).
1074 2997 1182 3060 Etiam
1199 2997 1305 3081 magis
1321 3004 1442 3075 errant,
1461 2996 1517 3079 qui

233 3117 412 3180 lectionem
433 3116 585 3179 consulto
608 3117 648 3179 ab
670 3115 821 3198 apostolo
843 3121 1002 3178 mutatam
1022 3138 1093 3180 esse
1110 3118 1326 3180 contendunt.
1373 3118 1516 3180 Tantum

235 3236 321 3300 enim
343 3237 453 3315 abest,
480 3243 518 3298 ut
539 3236 639 3313 lectio
661 3258 691 3295 εκ
708 3238 787 3295 Zion
810 3235 915 3298 totius
935 3235 1002 3299 loci
1026 3245 1221 3320 argumento
1244 3237 1361 3300 melius
1381 3258 1515 3320 respon·

235 3358 322 3434 deat,
340 3364 379 3419 ut
394 3357 500 3420 altera
516 3348 620 3435 (cvrare
638 3349 691 3434 Σ.)
713 3355 856 3438 apostoli
879 3356 1064 3420 sententiae
1089 3357 1194 3440 magis
1220 3365 1442 3421 consentanea
1466 3356 1514 3420 di-

235 3477 414 3540 cendwsit.
461 3478 534 3540 imo
557 3476 697 3539 mutatio
720 3475 779 3539 illa
800 3497 817 3539 e
839 3475 922 3538 locis
944 3477 1128 3560 parallelis,
1153 3476 1208 3560 qui
1230 3477 1327 3540 simul
1344 3477 1377 3540 in
1394 3499 1515 3540 merno-

321 3753 348 3816 1)
369 3753 546 3803 Sureuhus
565 3756 583 3802 l.
602 3755 622 3803 l.
643 3771 669 3817 p.
687 3755 737 3802 506
754 3754 894 3817 utriusque
913 3756 966 3804 loci
984 3756 1202 3805 coniunctionem
1221 3755 1254 3804 ad
1272 3756 1457 3820 theologorum
1471 3755 1516 3804 be·

234 3842 374 3890 braeorum
391 3840 523 3888 rationem
541 3839 677 3904 allegendi
694 3841 791 3896 refert,
811 3854 878 3902 quae
898 3846 955 3892 ritib
972 3846 1038 3890 ΠἯ
1057 3842 1084 3890 h.
1099 3855 1123 3889 e.
1138 3845 1307 3904 argumentum
1323 3857 1339 3887 a
1356 3839 1518 3889 similitudine

235 3942 317 3974 vocum
330 3923 481 3986 desumptum
493 3925 608 3973 dicatur.
633 3923 907 3994 Equidemlcinsmodi
920 3929 991 3974 artes
1004 3925 1156 3974 rabbinicns
1170 3927 1294 3989 apostolo
1306 3927 1425 3976 tribuere
1437 3927 1517 3976 vehe-

234 4016 339 4063 menter
350 4025 452 4060 vereor.

320 4113 347 4177 2)
367 4114 410 4163 lta
422 4113 528 4162 Bleelr
546 4114 1027 4178 l.1.p.35001istimst,apost01um
1047 4133 1072 4162 ra
1090 4115 1124 4163 Σ.
1146 4116 1173 4163 in
1192 4116 1388 4179 exemplaribus
1405 4117 1459 4164 suis
1477 4116 1518 4165 in-

235 4203 354 4260 venisse,
376 4199 447 4249 unde
467 4200 549 4248 etiarn
566 4200 698 4249 lectiones
718 4199 827 4248 Italae
849 4200 890 4263 (ex
902 4196 991 4264 Sioua)
1010 4206 1038 4250 ct
1051 4200 1180 4250 editionis
1198 4201 1333 4265 complut.
1354 4201 1421 4264 (απο
1436 4199 1521 4264 Zion)

234 4288 371 4336 fluxerint.
408 4287 444 4332 At
458 4300 517 4333 cum
529 4285 558 4332 in
571 4285 646 4332 nullo
660 4285 752 4334 codice
765 4301 859 4349 graeco
878 4285 956 4334 huius
974 4287 1100 4335 lectionis
1113 4287 1228 4350 vestigia
1245 4287 1301 4335 ulla
1318 4288 1469 4352 supersint,
1490 4293 1521 4337 et

234 4373 323 4422 itala
345 4377 373 4421 et
392 4372 433 4420 ed.
453 4371 588 4434 Complut.
609 4371 699 4432 potius
716 4371 814 4419 Pauli
836 4371 1027 4436 allegationem
1047 4387 1124 4434 quam
1144 4372 1249 4421 codices
1263 4388 1372 4437 graecos
1391 4372 1522 4422 videntur

235 4465 343 4509 secutae
356 4473 424 4506 esse.
1145 4469 1146 4472 ’
