3376 5200
745 325 915 422 -σ-ί

190 534 276 617 apud
291 531 439 595 Wetst.
458 537 493 594 et
508 530 666 593 Schola.
684 528 782 612 (inter
798 551 879 612 quos
897 531 947 593 17.
966 531 1052 593 67³⁶*
1067 529 1136 610 al).
1184 527 1231 590 Ut
1252 527 1292 590 de
1310 547 1471 591 consensu

191 652 340 716 codicum
356 649 441 719 alli
456 656 642 728 taceamus,
664 647 765 712 lectio
788 671 895 734 aaroni
908 655 947 712 ut
962 646 1129 711 difficilior
1143 647 1243 731 longe
1258 645 1472 730 praeferenda

190 771 299 855 crit¹).

275 907 386 973 LXX.
431 890 492 968 dici
512 890 723 995 φαυλισμὸν
741 893 904 984 χειλέων,
921 885 982 964 διὰ
999 886 1164 986 γλώσσης
1182 885 1319 985 ἑτέρας,
1339 885 1395 961 ὅτι
1411 891 1472 962 λα-

191 1029 347 1130 λήσουσι
365 1033 413 1128 τῷ
432 1032 506 1127 λαῷ
527 1026 641 1126 τούτῳ
661 1085 668 1100 .
685 1085 715 1101 ..
735 1031 795 1101 καὶ
814 1025 878 1100 οὐκ
896 1022 1087 1125 ἠθέλησαν
1106 1021 1260 1099 ἀκούειν.
1305 1037 1393 1122 (Sine
1415 1060 1472 1101 uo-

191 1163 288 1228 tabili
302 1161 484 1226 lectionum
501 1160 685 1243 varietate.)

277 1283 389 1350 flor·
435 1293 519 1371 uu
535 1277 740 1374 *brui
760 1273 890 1372 aaut
912 1287 989 1373 aar
1005 1287 1100 1368 arte
1115 1269 1229 1370 utta
1245 1273 1317 1368 rae
1333 1270 1426 1372 1ῑὲ1
1441 1290 1474 1360 a

193 1400 285 1493 {bitti
303 1404 336 1464 h.
349 1423 377 1464 e.
390 1424 460 1462 oum
470 1423 528 1482 per
544 1399 745 1462 balbutientes
762 1398 853 1461 latiis
870 1403 898 1460 et
914 1397 1022 1477 linquo
1032 1397 1198 1478 perepriaa
1214 1397 1353 1480 loquetur
1369 1398 1474 1476 (deus)

194 1523 236 1584 cd
250 1487 329 1583 triac
338 1521 487 1602 populum
507 1559 539 1566 —
565 1520 620 1582 sed
634 1519 743 1582 audire
765 1517 950 1599 nolebcat').
997 1516 1093 1579 LXX
1109 1515 1212 1599 igitur
1231 1537 1346 1579 vocem
1368 1538 1474 1578 raram

194 1636 248 1730 22}
269 1639 488 1703 confuderunt
504 1660 578 1702 cum
599 1632 671 1719 111,
696 1637 784 1722 quod
807 1636 841 1699 in
864 1637 938 1700 loco
963 1636 1045 1699 Hcs
1065 1639 1082 1700 7
1084 1684 1094 1713 ,
1113 1639 1152 1700 16
1175 1635 1291 1698 eodem
1312 1635 1474 1698 vocabulo

193 1760 337 1824 reddunt
364 1755 570 1838 „pactapact
618 1757 737 1840 Itaque
762 1755 866 1820 totius
890 1755 957 1819 loci
981 1778 1112 1819 sensum
1142 1753 1210 1818 fere
1237 1755 1325 1818 hunc
1349 1761 1475 1818 statue·

193 1887 287 1943 runt:
313 1877 587 1961 quemadmodum
604 1876 750 1960 perversi
764 1875 815 1938 illi
830 1873 980 1939 homines
997 1876 1052 1958 (cf.
1070 1876 1138 1938 Jes.
1157 1879 1208 1952 28,
1227 1876 1318 1957 tlsq.)
1335 1875 1475 1957 prophe-

195 2004 263 2060 tam
286 1995 473 2072 irriserunt,
499 1995 547 2058 ita
567 2017 625 2077 per
646 1994 826 2057 irrisionem
849 1994 1013 2057 labiorum
1035 1993 1055 2056 i.
1075 2016 1103 2056 e.
1120 2015 1179 2078 per
1198 1993 1287 2056 labia
1306 1991 1477 2057 irridentia

197 2117 276 2179 deus
304 2115 393 2198 ipsos
416 2114 614 2196 alloquetur.
661 2112 754 2176 Quae
782 2112 1011 2195 interpretatio
1037 2112 1166 2176 etiamsi
1191 2113 1297 2175 minus
1323 2120 1477 2176 accurata

196 2235 335 2299 dicenda
351 2241 412 2312 est,
433 2239 546 2296 tamen
561 2253 580 2296 a
595 2231 726 2315 propria
741 2233 921 2316 prophetae
938 2231 1104 2296 sententia
1124 2254 1191 2295 non
1206 2231 1269 2295 nisi
1285 2253 1322 2294 eo
1339 2231 1475 2311 recedit,

196 2354 284 2438 quod
305 2375 363 2437 pro
387 2353 447 2418 deo
470 2352 541 2436 ipso
564 2351 646 2415 alios
669 2355 796 2435 (nempe
819 2353 932 2414 hostes
948 2350 1024 2414 illos
1040 2351 1164 2434 populi)
1186 2351 1360 2434 loquentes
1382 2350 1475 2414 facit.

196 2475 347 2537 Paulus
378 2473 420 2536 ad
449 2471 577 2536 Jesaiae
602 2473 713 2535 locum
737 2471 833 2534 illum
856 2492 1038 2554 provocans
1066 2471 1208 2534 lectores
1234 2471 1402 2549 hortatur,
1435 2493 1476 2534 ne

196 2593 408 2677 glossolaliae
430 2615 488 2678 per
509 2615 544 2657 se
565 2591 677 2657 inutili
699 2590 830 2655 nimiam
854 2589 1086 2654 auctoritatem
1101 2589 1262 2654 tribuant.
1310 2589 1476 2674 Scriptum

196 2713 282 2775 enim
299 2734 370 2775 esse
386 2712 420 2775 in
434 2713 521 2795 lege,
539 2712 637 2775 deum
652 2733 710 2796 per
726 2711 853 2775 diverse
869 2711 1044 2793 loquentes
1064 2716 1099 2772 et
1113 2709 1210 2773 labiis
1227 2709 1363 2773 diversis
1381 2712 1426 2792 (h.
1446 2732 1474 2773 e.

197 2853 237 2893 ex
258 2830 401 2913 apostoli
421 2830 602 2893 sententia:
629 2853 726 2912 quam
748 2852 830 2914 quae
853 2831 1046 2914 plerumque
1066 2828 1140 2892 usui
1160 2831 1263 2912 erant)
1288 2829 1476 2892 locuturum

197 2971 268 3012 esse
291 2949 332 3013 ad
353 2949 510 3033 populum
534 2955 778 3028 contumacem,
805 2957 901 3013 atne
922 2949 970 3013 ita
987 2950 1116 3032 quidem
1134 2970 1189 3012 eos
1206 2948 1375 3012 audituros
1392 2970 1474 3014 esse.

197 3070 279 3133 lnde
305 3090 476 3153 apparere,
503 3068 588 3132 male
617 3067 806 3132 Corinthios
831 3075 990 3152 perpetuo
1014 3067 1137 3152 linguis
1162 3068 1228 3132 illis
1254 3068 1390 3132 diversis
1415 3069 1475 3148 uti,

198 3189 317 3274 quippe
329 3211 411 3272 quae
427 3188 614 3253 inefficaces
631 3188 698 3252 sint
714 3198 748 3254 et
764 3190 806 3254 ad
822 3189 1014 3254 alliciendos
1030 3211 1177 3272 paganos
1193 3194 1227 3251 et
1243 3189 1284 3252 ad
1297 3189 1477 3253 monendos

196 3309 326 3374 fratres.
372 3309 488 3372 'Potius
510 3309 613 3393 igitur
634 3309 821 3393 argumenti
844 3333 971 3373 summa
992 3309 1026 3372 in
1045 3307 1153 3371 verbis
1176 3307 1331 3371 extremis
1347 3307 1478 3371 videtur

196 3428 321 3510 posita,
345 3447 427 3508 quae
448 3427 619 3509 apostolus
640 3427 806 3491 liberrime
828 3427 875 3489 ita
890 3427 1015 3490 reddit:
1041 3450 1090 3486 και
1107 3423 1169 3486 ουδ’
1194 3447 1284 3493 ουτως
1307 3447 1396 3486 crocu.
1413 3449 1477 3504 μου.

197 3543 324 3606 Jesaiae
346 3543 457 3605 locum
477 3549 587 3606 autem
607 3567 674 3606 non
694 3551 733 3607 ut
753 3544 945 3607 vaticinium
968 3565 1121 3628 expresse
1144 3545 1184 3608 de
1200 3545 1393 3628 glossolalia
1409 3544 1476 3609 edi·

196 3669 279 3741 tum,
298 3662 355 3725 sed
372 3667 410 3724 ut
425 3661 473 3725 ita
488 3660 596 3725 dicam
612 3662 783 3746 analogiae
800 3685 898 3727 causa
919 3665 1031 3738 affert;
1051 3664 1187 3728 tertium
1209 3664 1474 3748 comparationis,

197 3783 284 3867 quod
300 3782 426 3860 dicunt,
442 3780 477 3846 in
493 3781 651 3844 sermonis
669 3782 870 3846 obscuritate
886 3783 1028 3867 positum
1047 3785 1138 3865 est⁸).

284 4024 310 4088 1)
330 4023 372 4074 Cf.
386 4025 467 4074 etiam
480 4025 605 4090 Mayari
624 4030 716 4077 notam
729 4026 850 4076 criticam
862 4026 936 4076 adh.
952 4028 970 4076 l.
986 4027 1015 4076 in
1028 4031 1171 4076 comment.
1185 4043 1213 4090 p.
1228 4028 1287 4075 320.

282 4126 309 4189 1)
329 4127 373 4176 lta
390 4127 509 4178 Geseu.
529 4127 632 4178 Kuob.
652 4129 745 4179 Hita.
765 4129 857 4187 Del„
879 4129 1000 4179 homines
1022 4129 1206 4178 balbutientes
1228 4128 1246 4177 i.
1267 4144 1291 4176 e.
1311 4128 1422 4177 barbaro
1440 4131 1476 4176 lo-

197 4218 311 4276 quentes
324 4213 358 4262 ud
370 4214 494 4278 Assyrios
506 4214 669 4274 referentem
689 4211 883 4264 solus'Ewald
902 4215 935 4264 de
948 4216 1052 4264 tonitru
1065 4215 1182 4264 terribili
1195 4215 1299 4278 cogitat
1315 4212 1356 4276 (at
1369 4214 1405 4262 cf.
1418 4213 1436 4261 J
1438 4229 1475 4262 es.

197 4300 237 4355 aa,
251 4299 284 4348 19
302 4289 365 4366 plut
378 4288 438 4349 :aba
451 4298 510 4364 aa).

283 4401 311 4460 8)
331 4398 372 4448 Of.
391 4401 461 4463 iupr.
481 4401 667 4459 Bloekium,
684 4399 724 4449 De
740 4403 839 4452 notione
857 4402 983 4450 octonem
1003 4403 1133 4465 γλωσσαις
1150 4400 1250 4458 latiur,
1267 4396 1342 4450 stud.
1360 4415 1385 4450 u.
1405 4395 1476 4447 Krit.

198 4485 274 4534 1⁸29.
288 4499 315 4547 p.
326 4484 369 4535 71.
384 4489 413 4534 et
425 4485 659 4543 Wieselerum,
682 4483 760 4534 Ueter
772 4483 819 4535 dur
831 4487 925 4551 γλωσσ.
939 4489 1005 4546 lat,
1026 4485 1098 4534 stad.
1113 4502 1137 4536 a.
1151 4483 1220 4534 Kril.
1236 4488 1311 4536 18:³8.
1330 4503 1357 4550 p.
1371 4485 1422 4536 734
1435 4501 1474 4548 sq.

1246 4587 1263 4656 l
