3376 5200
785 303 955 399 „ffi—

228 525 330 586 usque
347 503 388 565 ad
404 503 504 564 finem
519 524 577 585 per
593 525 725 565 manum
739 501 869 564 Auncis
885 503 1013 566 inclusa
1029 509 1064 566 at
1079 509 1202 585 puncta
1218 503 1341 585 passim
1355 502 1510 586 imposita

228 645 320 686 erasa
337 631 414 686 sunt
431 622 516 706 (vide
533 621 640 706 infra).

313 759 413 826 Lxx
429 761 475 822 ed.
499 761 604 822 Rom:
641 750 727 841 τίμα
753 744 814 818 τόν
837 753 978 836 ποιέο
1001 771 1068 818 σου
1092 749 1153 819 καὶ
1175 745 1243 845 τήν
1264 755 1402 844 μητέρα
1428 773 1509 830 σου,

227 887 286 958 ἵνα
310 873 347 958 εὖ
371 912 429 957 σοι
454 892 599 981 γένηται
624 885 684 954 καὶ
707 885 765 954 ἵνα
788 880 1053 980 μακροχρόνιος
1075 891 1158 988 γένῃ
1186 886 1245 955 ἐπὶ
1274 885 1336 980 πῆς
1358 891 1423 982 γῆς
1447 889 1511 981 τῆς

228 1019 374 1118 ἀγαθῆς
392 1015 436 1118 ἧς
454 1023 526 1092 κτλ.

314 1169 408 1232 Prius
432 1192 484 1230 ooo
503 1169 664 1232 omittunt
686 1167 805 1231 Clem.
828 1169 907 1246 Al,
935 1168 1061 1252 Orig.‚
1087 1168 1288 1247 Damaso,
1318 1170 1423 1234 Iren.
1451 1170 1509 1254 (in-

227 1293 359 1372 terpr),
384 1289 500 1373 Cypr.
510 1339 519 1368 ,
542 1290 692 1366 Amba,
711 1288 798 1372 Cyr.
817 1289 931 1351 Alex.
952 1269 1036 1372 (loco
1054 1311 1129 1366 unc,
1148 1288 1228 1353 alibi
1244 1291 1368 1374 habet),
1392 1290 1508 1354 Philo

228 1408 315 1492 apud
331 1408 442 1471 Holm.
452 1433 461 1484 3
486 1408 615 1472 codices
639 1418 749 1471 autern
766 1407 872 1471 nostri
888 1431 940 1468 σου
956 1415 1089 1470 servant
1105 1431 1229 1472 omnes.
1248 1449 1276 1455 -
1301 1432 1353 1470 σου
1369 1410 1510 1472 alterum

228 1528 328 1611 (quod
344 1528 378 1590 in
400 1529 472 1591 cod.
490 1528 520 1593 B
539 1535 626 1591 teste
648 1528 737 1592 Maio
762 1527 1009 1612 superadditum
1032 1531 1094 1612 est)
1117 1528 1277 1591 omittunt
1298 1529 1392 1593 codd.
1411 1529 1440 1596 Α
1457 1535 1508 1594 59.

228 1647 353 1725 Philo,
367 1647 484 1710 Clem.
504 1649 627 1726 Alex„
647 1648 766 1731 orig„
784 1650 883 1725 Bas,
902 1647 987 1732 Cyr.
1006 1647 1169 1726 Hieros,
1189 1647 1274 1732 Cyr.
1294 1649 1509 1731 Al.(atidem

217 1767 308 1830 'alibi
323 1769 482 1850 praebet).
521 1768 615 1830 Hanc
631 1775 742 1831 autem
759 1767 927 1852 praecepti
942 1767 1081 1830 formam
1098 1767 1178 1850 (sine
1195 1790 1247 1828 σου
1266 1769 1393 1852 altero),
1412 1792 1510 1851 quam

228 1895 338 1970 patres
355 1911 453 1971 supra
468 1887 649 1950 enumerati
666 1898 699 1951 et
716 1889 788 1951 cod.
809 1889 905 1950 Alex.
925 1888 1092 1971 praebent,
1114 1887 1148 1950 in
1164 1887 1332 1951 codicibus
1349 1888 1508 1972 antiquis-

228 2007 318 2070 simis
335 2007 446 2088 fuisse,
467 2007 534 2071 loci
549 2007 795 2092 evangeliorum
810 2007 961 2090 paralleli
978 2009 1204 2092 comprobant,
1222 2008 1255 2070 in
1273 2008 1391 2091 quibus
1409 2016 1510 2091 (certe

228 2129 351 2190 Matth.
373 2133 423 2208 15,
441 2134 472 2192 4.
500 2130 603 2192 Marc.
623 2133 674 2207 ic,
695 2131 722 2192 7.
750 2128 832 2191 Luc.
855 2131 905 2206 18,
931 2133 987 2204 20;
1013 2151 1078 2191 non
1101 2130 1204 2193 Marc.
1225 2132 1254 2217 7,
1275 2133 1371 2193 illut
1396 2127 1509 2211 vidtr.)

228 2270 280 2309 σου
306 2271 380 2311 cum
404 2247 548 2312 testibus
580 2248 712 2332 optimis
742 2250 920 2312 delendum
945 2257 1006 2311 est.
1038 2289 1069 2297 -
1099 2251 1162 2312 Pro
1187 2273 1248 2330 γεοη
1274 2251 1434 2332 praebent
1461 2273 1510 2327 εση

229 2368 324 2432 codd.
342 2368 495 2432 undecim
511 2368 648 2432 minusc.
667 2369 779 2433 Holm.
788 2418 797 2446 ‚
816 2377 945 2452 patrum
963 2368 1028 2432 loci
1044 2379 1132 2432 octo.
1178 2371 1226 2432 'Ut
1242 2377 1354 2454 patres
1374 2370 1509 2434 omitta-

229 2511 311 2566 mus,
330 2489 386 2572 qui
401 2488 434 2552 in
450 2490 625 2572 alleganda
638 2489 786 2553 versione
798 2490 895 2552 Alex.
913 2489 1106 2572 plerumque
1123 2511 1140 2552 e
1157 2512 1243 2553 novo
1258 2497 1337 2554 test.
1350 2492 1507 2574 pendent,

228 2609 326 2672 docet
348 2609 440 2672 loeus
463 2617 616 2694 exparte
638 2610 816 2692 parallelus
838 2609 937 2672 Deut.
964 2613 1014 2686 22,
1034 2611 1063 2686 7,
1088 2608 1142 2672 ubi
1168 2611 1240 2674 cod.
1263 2609 1293 2676 A
1314 2610 1394 2674 item
1417 2633 1509 2694 prae·

228 2729 285 2791 bet
301 2751 349 2806 εση
364 2753 422 2811 pro
438 2753 508 2808 γονη,
526 2738 699 2812 utramque
721 2727 946 2812 promissionis
959 2728 1106 2796 formam
1127 2729 1161 2792 in
1180 2729 1324 2794 testibus
1350 2730 1508 2813 antiquis·

228 2847 318 2910 simis
344 2849 522 2912 exstit-isse.
551 2889 583 2942 Τ
608 2848 759 2932 Denique
783 2850 883 2913 verba
907 2872 952 2908 vva
970 2873 1000 2910 ev
1018 2871 1063 2910 σοι
1080 2872 1133 2928 yso.
1152 2872 1200 2910 και
1229 2851 1302 2914 cod.
1328 2849 1358 2916 Α
1383 2850 1510 2913 omittit

228 2969 313 3051 (vide
329 2976 460 3032 textum
476 2970 582 3052 hebr.)
592 2971 626 3052 ¹).
673 2969 792 3051 Itaque
809 2991 881 3032 cum
900 2968 1030 3034 omissio
1052 2967 1142 3032 vocis
1163 2991 1215 3029 ooo
1233 2978 1310 3052 post
1324 2993 1432 3050 μητερα
1449 2993 1506 3033 nec

228 3114 294 3154 non
315 3089 415 3152 lectio
441 3111 489 3166 εση
506 3089 629 3171 absque
646 3089 745 3152 dnbio
763 3090 804 3152 ad
819 3096 924 3152 testes
941 3088 1094 3171 antiquos
1112 3089 1301 3153 referendae
1318 3069 1396 3168 sint,
1417 3093 1506 3153 Pau·
1552 3107 1554 3112 '

228 3211 291 3271 lus
311 3232 376 3272 non
392 3207 455 3272 nisi
472 3231 509 3271 eo
527 3231 545 3270 a
560 3207 709 3271 versione
725 3209 861 3287 recedit,
886 3209 973 3291 quod
989 3209 1096 3271 verbis
1115 3233 1162 3268 και
1180 3233 1225 3270 aa
1243 3233 1381 3290 μακροχρ.
1401 3231 1449 3288 son
1475 3210 1509 3271 in

229 3329 383 3392 maiorem
405 3328 561 3392 orationis
585 3327 840 3392 concinnitatem
866 3327 1041 3391 substituit
1059 3351 1107 3388 και
1124 3351 1172 3406 εση
1189 3353 1338 3409 μακροχρ,
1362 3337 1509 3393 extrema

229 3456 340 3512 autem
356 3449 456 3512 verba
471 3455 547 3532 post
568 3471 618 3524 της
635 3471 683 3528 γης
700 3456 738 3511 ut
758 3451 799 3512 ab
822 3453 1018 3531 argumento
1038 3470 1096 3509 suo
1113 3471 1246 3530 prorsus
1263 3450 1368 3512 aliena
1385 3449 1506 3511 omisit.

227 3570 269 3632 In
284 3569 443 3632 addendis
464 3568 573 3632 verbis
589 3592 633 3630 rra
653 3591 682 3628 ευ
701 3591 745 3629 σοι
762 3591 872 3646 γενηται
887 3568 1058 3651 apostolus
1073 3567 1173 3631 etiam
1186 3569 1333 3632 hocloco
1349 3591 1422 3633 curn
1433 3569 1506 3632 cod.

228 3689 258 3754 B
275 3687 355 3752 iacit
372 3696 485 3752 contra
502 3689 575 3752 eod.
593 3687 633 3753 Α.

314 3826 477 3890 Hebraiea
501 3827 574 3910 (Ex.
600 3831 650 3903 20,
674 3829 725 3907 12)
751 3828 831 3888 haec
856 3831 955 3914 sunt:
990 3820 1071 3918 3272}
1095 3837 1250 3918 3²43·th
1273 3838 1423 3917 ῆοζιζζηζξ
1447 3837 1509 3908 ’1ξὲ

228 3953 282 4016 ‘m
298 3958 421 4037 nir-rsa
435 3941 475 4025 br
490 3957 568 4036 svp
584 3957 703 4036 parm.
733 3945 773 4008 In
783 3944 919 4007 Denter.
934 3949 974 4025 (5,
988 3943 1040 4026 io}
1055 3952 1130 4028 post
1140 3957 1216 4025 par
1227 3945 1326 4008 esiam
1343 3946 1510 4008 adduntur

314 4223 341 4286 1)
361 4224 434 4282 Quae
452 4225 574 4282 omissio,
596 4223 650 4272 nisi
668 4225 738 4272 forte
756 4224 858 4273 scribae
876 4223 980 4272 cuidam
993 4224 1026 4272 ab
1041 4241 1083 4273 ινα
1095 4225 1183 4288 priore
1197 4224 1231 4272 ad
1244 4227 1358 4273 alterum
1371 4225 1508 4273 aberranti

228 4310 386 4360 ascribenda
405 4315 455 4368 est,
469 4312 583 4358 fortasse
596 4310 630 4358 ad
647 4313 749 4358 textum
763 4309 934 4372 hexaplarem
950 4309 1101 4358 referenda.
1139 4307 1252 4359 Etiamsi
1270 4311 1340 4359 enim
1359 4310 1438 4358 huius
1455 4311 1509 4358 loci

227 4397 357 4460 reliquiae
378 4397 407 4445 in
428 4397 600 4460 hexaplorum
620 4395 784 4462 editionibus
803 4410 857 4443 non
874 4395 1033 4452 afferuntur,
1055 4395 1164 4444 dubium
1181 4410 1239 4444 esse
1252 4410 1306 4444 non
1319 4399 1425 4458 potest,
1444 4396 1509 4458 quin

229 4481 391 4546 Origenes
411 4482 490 4530 verba
507 4482 554 4529 illa
573 4481 680 4543 quaein
695 4485 771 4530 textu
784 4481 859 4529 hebr.
875 4497 929 4529 non
943 4482 1069 4544 leguntur
1082 4481 1159 4530 obelo
1173 4483 1318 4530 notaverit.
