3376 5200
841 309 880 370 16

776 396 947 404 .—-—-——

750 563 873 619 Iroeus
892 564 970 619 XV.

575 699 670 760 Rom.
690 703 740 776 15,
760 702 798 763 ll
813 698 862 762 ef.
880 699 1003 762 Psalm.
1022 701 1094 777 117,
1114 703 1143 763 1.

304 874 380 944 Καὶ
397 867 508 944 πάλιν
521 876 583 966 (so.
604 876 723 965 λέγειν
742 881 881 948 Αἰνεῖτε
899 870 1020 948 πάντα
1039 872 1083 947 roi
1102 881 1196 972 ἔθνη
1216 872 1280 948 adv
1298 871 1424 978 κύριον
1441 882 1501 951 καὶ

218 1005 514 1082 ἐπαινεσάτωσαν
533 1007 644 1083 αὐτόν
663 1008 793 1100 πάντες
811 999 846 1084 ὁὶ
865 1013 955 1084 λαοί.

301 1157 372 1224 W.
388 1157 456 1224 Hs·
497 1158 654 1222 Ordinem
671 1182 769 1244 supra
785 1160 984 1244 exscriptum
1002 1160 1069 1245 (qui
1085 1161 1118 1225 in
1133 1161 1225 1224 nullo
1243 1161 1339 1226 Lxx
1355 1161 1497 1227 virorum

217 1275 330 1340 oodioe
346 1277 481 1361 legitur)
497 1279 658 1362 praebent
680 1279 776 1343 oodd.
800 1280 946 1348 &ABDE
968 1284 1008 1345 47
1031 1283 1053 1344 d
1071 1303 1087 1344 e
1103 1283 1226 1362 quelpt
1247 1284 1329 1364 vulp.
1347 1306 1408 1368 syr.
1418 1291 1498 1364 poet.

217 1402 294 1474 eto,
313 1418 330 1459 e
346 1397 495 1479 patribus
512 1398 654 1484 Chrys.
672 1400 864 1463 Theodrt.
889 1399 954 1464 alii.
986 1398 1110 1464 Contra
1129 1407 1242 1464 textus
1263 1408 1432 1485 receptus:
1451 1426 1500 1464 τον

216 1537 311 1594 κνριον
329 1539 426 1576 naara
443 1541 481 1577 τα
499 1525 570 1594 soro
585 1540 659 1582 eum
675 1517 789 1587 GFGL
806 1521 849 1583 al.
868 1520 1042 1603 plerisque,
1053 1520 1111 1605 fp
1127 1543 1187 1605 syr.
1206 1521 1376 1604 Theoph.
1396 1523 1497 1602 Oee„

217 1635 273 1718 qui
289 1637 367 1699 ordo
384 1638 507 1721 absque
524 1636 653 1701 dubios
669 1638 817 1701 versione
829 1640 926 1702 Alex.
945 1639 1077 1722 prodiit.
1100 1679 1132 1687 -
1152 1662 1385 1702 επαινεσατωσαν
1400 1643 1498 1706 eden·

217 1755 295 1818 dum
326 1763 378 1820 est
409 1780 481 1820 eum
512 1757 623 1825 &ABG
655 1762 694 1822 39
721 1758 862 1842 Chrys.
890 1757 936 1843 (in
961 1758 1072 1822 oodioe
1097 1761 1191 1842 uno),
1224 1759 1350 1836 Dam.;
1384 1767 1498 1826 textus

215 1883 384 1958 receptus:
406 1898 572 1937 επαινεσανε
595 1900 668 1940 oum
687 1878 837 1945 DEFGL
858 1879 900 1941 al.
924 1878 1104 1961 plerisque,
1141 1879 1281 1963 Chrys.
1302 1879 1495 1946 Theodrt.

215 1991 361 2059 Priorem
378 2003 489 2059 autem
504 1996 681 2060 lectionem
697 1998 902 2062 retinendam
919 2019 1001 2076 esse,
1020 1998 1169 2062 oodioum
1191 2005 1332 2082 quatuor
1353 2001 1497 2065 celeber-

214 2114 370 2178 rimorum
387 2137 564 2179 consensus
584 2117 692 2180 dooet.
742 2117 859 2181 Altera
874 2121 922 2200 (-
941 2121 1022 2202 σατε)
1048 2118 1115 2182 sive
1140 2125 1274 2202 propter
1298 2121 1495 2183 antecedens

215 2257 314 2295 αινειτε
333 2234 401 2298 sive
418 2256 435 2297 e
451 2235 598 2300 versione
621 2237 719 2300 Alex.
743 2237 814 2320 ipsa
835 2237 977 2321 irrepsit.
1016 2237 1165 2320 Denique
1188 2238 1282 2302 oodd.
1301 2237 1413 2316 multi,
1431 2259 1492 2322 syr.

216 2354 358 2437 Chrys,
385 2377 433 2450 ναι
450 2362 666 2419 antemonet.
683 2355 843 2421 omittunt
859 2361 901 2439 (v.
919 2356 1038 2440 LXX).

298 2507 426 2576 LXX.·
460 2504 600 2570 Αἰνεῖτε
619 2495 682 2570 εόν
700 2494 826 2598 κύριον
845 2495 965 2570 πάντα
993 2496 1038 2570 roi
1058 2504 1150 2595 ἔθνη
1161 2555 1172 2587 ,
1201 2495 1497 2573 ἐπαινεσάτωσαν

214 2646 277 2728 (ed.
289 2647 404 2727 Rom:
428 2641 609 2722 ἐπαινέσετε)
628 2631 741 2707 αὐτὸν
758 2630 890 2722 πάντες
909 2639 944 2706 οἱ
967 2637 1057 2707 λαοί.

298 2784 370 2850 vv.
387 2783 456 2849 Π..
482 2783 563 2846 cod.
583 2782 610 2850 A
627 2784 673 2866 (et
689 2787 739 2861 55,
758 2782 814 2866 qui
828 2784 1021 2867 plerumque
1038 2806 1112 2847 oum
1128 2784 1158 2851 Δ
1173 2783 1282 2868 faoit):
1307 2807 1496 2848 επαινεσατω-

213 2924 287 2972 σαν,·
326 2903 474 2986 ejusdem
497 2902 626 2980 ‚oodiois
657 2925 772 2965 manus
797 2903 902 2966 altera
927 2904 1020 2968 addit
1044 2928 1092 2964 και
1109 2912 1186 2988 post
1207 2927 1309 2984 κνριον.
1364 2905 1494 2970 Codicis

213 3023 311 3085 Alex.
329 3021 430 3085 lectio
447 3005 680 3084 euucvsouroous
703 3001 941 3086 emendationis
964 3046 981 3086 e
1003 3046 1087 3086 novo
1108 3030 1242 3087 testam.
1260 3030 1413 3107 suspecta
1428 3024 1493 3086 diei

211 3149 326 3225 posset
354 3149 490 3227 propter
520 3141 659 3205 aliorum
689 3142 840 3206 codicum
869 3142 1032 3206 Holmesii
1063 3165 1259 3208 eonsensum
1288 3146 1381 3226 (nam
1411 3166 1492 3227 quos

211 3269 343 3345 patrum
358 3263 450 3325 looos
466 3262 615 3325 Holmes.
634 3263 745 3340 affert,
766 3269 804 3325 ut
819 3284 922 3346 paene
939 3262 1060 3346 ubique
1077 3285 1094 3327 e
1115 3286 1199 3327 novo
1224 3269 1301 3326 test.
1323 3262 1491 3347 pendent),

210 3381 275 3445 nisi
300 3382 414 3449 eod&
440 3402 568 3464 quoque
594 3402 634 3444 ex
657 3388 751 3465 parte
773 3404 846 3446 eam
866 3383 1032 3466 probaret,
1060 3383 1179 3468 quippe
1200 3382 1255 3465 qui
1277 3383 1400 3445 habeat
1424 3406 1493 3444 αινε·

211 3523 362 3573 σατωσαν,
387 3501 475 3586 quod
492 3523 574 3564 corr.
599 3500 639 3562 C*
654 3501 786 3564 demum
810 3502 952 3566 mutavit
973 3503 1217 3566 inseruissemus
1261 3502 1336 3565 Huc
1352 3501 1491 3581 aoeedit,

211 3622 299 3705 quod
316 3621 436 3688 ood.B
460 3622 524 3684 hoe
547 3622 773 3686 looomanous
796 3628 857 3686 est.
904 3623 986 3686 Inde
1008 3624 1119 3686 nullus
1136 3622 1268 3701 dubito,
1296 3621 1374 3706 quin
1393 3622 1492 3686 leotio

211 3740 362 3805 eodioum
398 3739 452 3806 &A
481 3740 634 3824 primaria
662 3741 814 3804 habenda
843 3741 903 3820 sit,
927 3741 1067 3805 'etiarnsi
1100 3741 1299 3824 reliquorum
1329 3740 1387 3804 illa
1416 3763 1492 3802 επαι-

208 3882 310 3922 νεσατε
328 3883 395 3924 non
415 3860 523 3922 minus
545 3861 586 3923 ad
602 3860 856 3924 remotissimam
872 3861 1106 3944 antiquitatem
1121 3858 1292 3922 referenda
1308 3859 1380 3924 erit.
1415 3860 1492 3946 For7

209 3988 298 4044 tasse
320 3979 368 4044 ita
393 3979 541 4064 quaestio
566 3987 680 4044 nostra
704 3982 746 4044 ad
770 3981 869 4045 finem
893 3979 1028 4064 perduoi
1051 3985 1179 4062 potest:
1209 3978 1376 4042 nonnullis
1395 3957 1492 4042 L‘Xx

209 4101 351 4165 virorum
369 4100 611 4184 exemplaribus
627 4125 741 4164 manus
757 4125 823 4165 non
839 4101 974 4178 desunt,
1001 4121 1082 4181 quae
1105 4097 1172 4162 sive
1189 4099 1231 4161 ad
1246 4105 1376 4161 textum
1392 4101 1492 4164 hexa-

208 4221 334 4305 plarem
350 4220 418 4285 sive
435 4221 477 4284 ad
492 4219 683 4285 hebraicum
698 4220 805 4305 ipsum
822 4219 982 4284 leotiones
998 4218 1210 4282 mutaverint.
1240 4218 1359 4301 Itaque
1376 4219 1403 4282 si
1420 4219 1492 4302 quis

208 4340 342 4406 tertiam
361 4341 533 4425 personam
558 4341 593 4405 in
616 4341 765 4406 versione
782 4339 962 4405 Alexandr.
989 4339 1140 4422 legebat,
1168 4362 1243 4403 oum
1267 4337 1301 4401 in
1322 4344 1420 4405 textu
1434 4340 1491 4402 he-

207 4461 319 4526 braico
345 4468 433 4526 esset
457 4459 563 4556 insili,
588 4461 685 4526 faoile
710 4460 781 4524 fieri
804 4465 952 4544 poterat,
980 4465 1018 4522 ut
1038 4459 1156 4523 tertiae
1179 4479 1336 4543 personae
1353 4459 1493 4522 alteram
