3376 5200
208 465 294 560 Utra
318 497 418 560 lectio
443 495 657 580 praeferenda
678 495 738 575 sit,
765 519 830 559 non
852 496 948 560 huius
967 497 1032 560 ioci
1053 504 1104 560 est
1121 519 1285 580 quaerere.
1333 498 1430 561 duod
1447 498 1489 560 ad

165 696 169 706 ρ
208 616 452 680 hemistichium
471 617 611 680 aiterum
628 615 765 693 attinet,
790 617 829 679 de
846 617 935 680 varia
950 617 1093 681 lectione
1111 611 1238 700 (abusi)
1262 616 1402 700 cogitari
1423 640 1489 680 non

208 743 320 819 potest
329 761 337 812 ;
362 736 427 798 imo
452 717 547 798 LXX
572 735 633 798 viri
657 757 771 798 vocem
797 731 878 818 ubit,
906 759 988 820 quae
1010 760 1076 799 non
1097 735 1160 799 nisi
1182 738 1245 799 hoc
1263 737 1336 799 loco
1353 735 1486 818 legitur,

207 879 319 938 parum
343 855 570 938 intelligentes
591 855 851 934 substituerunt,
876 879 958 939 quae
978 855 1070 920 verbi
1091 879 1191 919 sonus
1206 855 1336 938 locique
1353 861 1488 918 contex-

207 981 262 1037 tus
292 975 456 1058 requirere
486 973 731 1059 videbantur¹).
758 1015 790 1022 —
816 977 889 1038 Jam
920 977 962 1038 ad
990 977 1091 1039 verba
1121 975 1275 1040 hebraica
1304 976 1487 1038 redeamus.

208 1094 349 1157 Etiamsi
369 1094 474 1158 totius
496 1093 562 1157 loci
584 1101 759 1158 contextus
782 1117 853 1158 eam
875 1097 1049 1159 verborum
1065 1095 1246 1159 versionem
1270 1094 1423 1178 requirit,
1452 1101 1489 1157 ut

110 1291 113 1298 ἦ
207 1207 239 1276 ὑ
261 1237 372 1276 casum
394 1213 538 1276 auctoris
559 1214 758 1297 accipiamus
780 1214 801 1277 i.
820 1237 848 1278 e.
872 1238 917 1276 me
940 1221 1063 1278 auctore
1085 1215 1163 1278 ultio
1176 1219 1219 1300 fit
1236 1221 1264 1276 et
1280 1214 1441 1276 retributio
1450 1215 1486 1296 ²),

206 1340 319 1396 tamen
343 1333 441 1396 facile
467 1333 692 1412 concedimus,
719 1334 827 1398 vorbis
853 1333 1014 1398 hebraicis
1035 1356 1093 1418 per
1114 1356 1148 1398 se
1170 1333 1329 1417 spectatis
1346 1332 1489 1416 apostoli

207 1427 390 1516 versionem
406 1452 538 1516 minime
556 1453 696 1516 excludi.
730 1454 849 1536 Itaque
865 1454 899 1517 in
916 1454 1021 1538 priore
1038 1453 1247 1517 hemistichio
1264 1433 1416 1517 Paulus
1435 1475 1488 1515 ac·

209 1580 320 1635 curate
340 1572 489 1656 sequitur
504 1579 634 1634 textum
651 1573 851 1651 hebraicum,
869 1595 984 1636 vocem
1003 1576 1137 1650 εκδικησις
1157 1596 1174 1637 e
1195 1574 1290 1637 LXX
1312 1571 1389 1636 viris
1410 1571 1488 1635 reti-

207 1713 288 1754 nens
296 1717 305 1767 ;
331 1693 471 1755 alterum
494 1698 603 1754 autem
630 1691 876 1756 hemistichium
899 1693 1012 1756 addito
1033 1716 1086 1772 εγω
1109 1694 1208 1776 (quod
1229 1715 1306 1757 sane
1325 1699 1402 1775 post
1418 1717 1487 1755 mu-

206 1816 310 1873 tatam
346 1807 527 1874 verborum
554 1811 821 1874 antecedentium
851 1813 1035 1876 versionem
1065 1812 1218 1876 omittere
1249 1837 1314 1876 non
1344 1818 1487 1896 poterat)

207 1929 326 1992 ieviter
341 1929 374 1992 in
390 1930 588 1993 sententium
606 1954 699 1994 suam
715 1932 868 1995 mutavit.
915 1932 1017 1995 Vides
1033 1931 1146 2015 igitur,
1168 1933 1356 2015 apostolum
1378 1932 1488 2015 eliqua

210 2057 356 2132 exparte
374 2072 390 2112 e
407 2050 555 2114 versione
572 2052 670 2114 Alex.
688 2053 845 2134 pendere,
869 2052 957 2115 iniis
974 2059 1086 2115 autem
1102 2053 1142 2116 ab
1160 2074 1197 2116 ea
1213 2054 1380 2130 recedere,
1405 2074 1488 2135 quac

211 2169 316 2232 textui
331 2170 484 2234 hebraico
501 2193 616 2252 parum
632 2172 828 2254 respondere
844 2171 1052 2236 videbantur.

293 2292 341 2352 At
362 2311 403 2353 ne
425 2290 493 2368 his,
518 2313 599 2374 quae
622 2293 720 2356 modo
737 2293 964 2375 exposuimus,
987 2314 1115 2356 omnem
1132 2292 1367 2356 difficultatem
1382 2315 1487 2356 remo·

206 2415 276 2470 tam
293 2409 438 2472 dicamus
446 2459 455 2488 ,
480 2410 634 2492 prohibet
649 2412 742 2475 iocus
758 2405 792 2476 in
808 2412 949 2495 epistola
965 2413 1006 2475 ad
1022 2413 1191 2476 Hebraeos
1208 2414 1271 2496 (10,
1285 2391 1341 2494 Ι30)
1359 2412 1485 2492 obvius,

207 2527 263 2611 qui
278 2529 375 2612 plane
393 2531 527 2593 eandem
546 2531 646 2594 edicti
663 2531 751 2594 iilius
769 2531 908 2595 formam
923 2533 1071 2615 praebet,
1090 2555 1188 2616 quam
1206 2534 1357 2595 Paulus
1378 2572 1409 2579 —
1431 2534 1487 2596 ad-

207 2647 285 2710 ditis
310 2650 391 2712 adeo
420 2651 600 2714 secundum
632 2651 727 2712 codd.
754 2651 931 2713 nonnullos
961 2650 1069 2714 verbis
1101 2651 1256 2714 extremis
1286 2654 1357 2732 λεγει
1386 2674 1488 2731 sopior.

208 2767 300 2830 Quae
325 2769 426 2832 verba
450 2768 478 2831 si
502 2769 645 2850 genuina
669 2776 796 2846 essent,
823 2793 881 2852 pro
904 2769 1009 2832 totius
1030 2777 1205 2834 contextus
1228 2771 1337 2835 indole
1363 2775 1489 2855 (οι-δίιμεν

207 2910 261 2966 γαρ
279 2909 328 2947 τον
346 2911 476 2948 emovru·
495 2909 556 2963 εμοι
574 2889 656 2946 eaden.
675 2911 728 2967 εγω
742 2911 856 2959 araca„
875 2891 946 2968 λεγει
964 2895 1075 2974 nuptos)
1103 2889 1247 2981 dubitari
1272 2915 1337 2955 non
1362 2899 1486 2975 posset,

208 3006 286 3088 quin
301 3015 417 3069 auctor
433 3006 592 3088 epistolae
609 3006 697 3068 illius
718 3007 884 3091 integrum
905 2985 1015 3072 iocum
1037 3019 1189 3074 accurate
1212 3033 1229 3074 e
1251 3013 1377 3076 Paulo
1400 3035 1488 3076 recc-

207 3125 322 3210 pisset.
370 3130 417 3188 At
439 3132 515 3208 post
537 3126 706 3189 inventum
729 3127 874 3191 codicem
897 3144 919 3195 s
941 3129 1078 3192 testium
1099 3130 1183 3193 ratio
1206 3153 1244 3194 ea
1266 3133 1333 3210 est,
1356 3140 1395 3195 ut
1417 3155 1487 3196 ver-

207 3218 323 3308 borum
345 3246 415 3324 λεγει
432 3267 527 3324 uepres
546 3245 677 3308 omissio
695 3250 907 3311 vehementer
923 3251 1181 3313 commendetur.
1213 3251 1386 3334 Leguntur
1402 3252 1488 3314 enim

207 3363 239 3427 in
264 3365 432 3428 codicibus
455 3363 483 3429 Α
506 3365 589 3446 (cod.
614 3367 643 3431 B
666 3367 789 3450 deficit)
812 3368 1023 3434 „essm
1043 3371 1085 3432 al.
1109 3370 1292 3454 plerisque,
1314 3394 1375 3456 syr.
1387 3377 1486 3452 poci„

209 3484 349 3568 Chrys¹
377 3489 423 3568 (at
449 3485 566 3568 Chrys
590 3509 648 3568 pro
674 3489 789 3565 οοδαμεν
807 3512 861 3567 γαρ
879 3511 928 3548 τον
947 3511 999 3548 em.
1022 3488 1198 3552 substituit
1219 3513 1375 3570 yeypumou
1398 3477 1488 3572 yop);

207 3605 328 3668 desunt
349 3604 382 3668 in
405 3605 501 3668 codd.
526 3619 547 3672 s
571 3609 665 3688 (corr.
691 3606 716 3668 C
739 3607 877 3691 addidit)
900 3609 954 3674 Dii
971 3611 1009 3672 17
1014 3657 1021 3672 .
1042 3612 1104 3672 23*
1120 3613 1205 3674 67³⁶*
1226 3611 1296 3673 ital.
1317 3612 1400 3691 vulp.
1424 3633 1485 3695 cyr.

207 3731 285 3805 copi.
309 3725 394 3786 urob.
419 3725 493 3805 urs.
512 3725 554 3787 al.
601 3726 683 3789 inde
706 3726 980 3790 verisimillimum
1001 3727 1148 3807 videtur,
1178 3732 1278 3793 verba
1299 3729 1358 3793 iiia
1379 3731 1488 3793 eloco

208 3843 345 3907 Paulino
362 3843 396 3906 in
413 3843 585 3926 epistolam
603 3846 645 3908 ad
661 3846 763 3908 Hebr.
781 3855 904 3910 temere
921 3847 1015 3912 illata
1032 3871 1114 3912 esse.
1161 3851 1280 3933 Itaque
1303 3871 1344 3913 ex
1367 3849 1488 3934 episto·

207 3965 258 4028 lae
275 3964 316 4027 ad
333 3964 502 4027 Hebraeos
518 3971 614 4027 textu
631 3964 712 4028 certi
729 3966 863 4048 quidde
880 3969 941 4030 hac
958 3968 1150 4050 quaestione
1164 3969 1268 4033 statui
1283 3993 1349 4033 non
1363 3977 1487 4053 potest,
1508 4039 1510 4045 .

208 4089 319 4147 utrum
344 4090 459 4146 auctor
484 4083 642 4166 epistolae
668 4083 757 4170 iliius
781 4087 893 4150 locum
914 4088 1163 4152 Deuteronomii
1187 4088 1235 4153 ita
1259 4092 1397 4154 afferens
1422 4114 1488 4154 non

294 4275 321 4340 1)
340 4277 437 4326 Eodem
451 4276 484 4326 de
498 4291 576 4325 ceusu
590 4275 776 4326 Onkelosus
795 4280 824 4328 in
838 4281 994 4345 paraphrasi
1008 4281 1147 4330 chaldaice
1160 4282 1309 4332 reddidisse
1327 4281 1404 4331 nobis
1417 4282 1489 4332 vide·

208 4367 253 4412 tur
267 4354 349 4430 ntur}
361 4369 436 4439 RQ.
473 4363 576 4411 Primus
590 4361 711 4412 Sardis
724 4379 814 4414 vocem
827 4355 886 4433 ebt}
900 4365 1070 4416 substantivo
1083 4367 1212 4416 reddidit.

294 4463 322 4527 2)
342 4464 384 4513 Of.
397 4465 650 4528 Ksmphausen‚
668 4463 725 4513 Dor
737 4465 805 4515 Lied
815 4466 897 4516 Moris
915 4486 941 4532 p.
958 4469 1007 4519 176
1018 4485 1058 4533 sq.
