3376 5200
859 338 877 398 6

227 535 420 599 correctoris
441 535 552 618 graeci
573 535 717 598 ineuntis
740 535 864 599 saeculi
879 536 968 619 noni)
993 537 1082 602 FKL
1099 535 1171 600 aliis
1187 536 1368 619 plerisque,
1393 538 1413 598 (l
1430 537 1506 622 esp

226 657 308 736 orric.
333 661 396 718 etc.
437 655 561 718 Contra
577 645 610 714 οὗ
635 653 823 738 scripsimus
853 677 927 718 curn
955 655 1363 739 sBDn(?)Govt*(quae
1391 679 1506 719 manus

227 775 333 838 altera
348 774 421 838 cod.
441 777 479 838 67
497 779 677 845 sanateste
694 773 871 838 Tischend.
889 775 956 838 fere
974 797 1101 859 semper
1118 798 1193 838 cum
1210 777 1282 838 cod.
1300 777 1329 841 B
1348 775 1451 859 facit).

311 894 411 960 LXX
430 916 562 977 prorsus
586 894 725 957 eundem
746 901 875 958 textum
893 895 1062 977 praebent,
1080 894 1143 958 nisi
1160 895 1247 978 quod
1264 895 1324 958 sub
1341 896 1440 958 finem
1451 896 1507 958 ad-

227 1009 396 1076 dunt-oridr'
409 1009 481 1074 ἔστιν
499 1009 528 1074 ἐν
545 1015 585 1088 τῷ
599 1009 726 1090 ’στόματι
745 1010 836 1074 αὐτοῦ
855 1011 947 1082 δόλος.

311 1132 381 1199 vv.
397 1133 465 1198 Ha
489 1131 601 1194 Editio
618 1133 767 1196 Romana
781 1157 812 1195 v.
826 1131 992 1215 apraebet
1009 1124 1124 1210 ᾦούμὴ
1135 1134 1193 1192 κτλ.
1212 1154 1286 1196 cum
1300 1133 1376 1196 cod.
1394 1135 1434 1200 B.
1460 1136 1508 1196 At

227 1251 346 1315 iterum
371 1251 471 1315 lectio
489 1243 521 1312 οὗ
539 1253 772 1336 comprobatur
790 1251 989 1316 auctoritate
1007 1251 1158 1315 codicum
1174 1253 1235 1319 &A
1251 1259 1285 1316 et
1301 1253 1503 1336 fragmento-

226 1395 298 1435 rum
313 1393 468 1456 papyrac.
493 1370 661 1435 Londin.
675 1371 900 1454 (Tischend.
913 1373 1113 1436 Moaaaaeala
1124 1395 1149 1435 a.
1162 1395 1237 1435 norro
1256 1375 1326 1435 coll.
1338 1375 1375 1435 ll
1386 1396 1418 1456 p.
1432 1377 1505 1456 268)

227 1512 309 1574 quae
331 1489 553 1554 Tischendorf
569 1491 655 1554 inter
680 1493 847 1555 saeculum
871 1499 1024 1574 quartum
1046 1499 1080 1554 ct
1102 1491 1254 1575 quintum
1276 1493 1399 1575 scripta
1420 1492 1505 1556 arbi-

225 1617 333 1674 tratur
358 1617 392 1674 et
416 1634 600 1694 quanquam
626 1612 724 1694 plena
745 1611 834 1674 vitiis
857 1611 924 1675 sint
950 1611 1058 1674 omnia
1081 1618 1194 1675 tamen
1223 1619 1355 1676 textum
1378 1634 1506 1695 reprae-

227 1738 356 1794 sentare
381 1731 558 1795 admodum
573 1730 757 1795 notabilem
773 1731 854 1795 dicit
879 1733 965 1815 (ibid.
985 1731 1087 1814 praef.
1110 1754 1143 1813 p.
1162 1734 1225 1815 td).
1249 1771 1280 1778 —
1307 1733 1431 1796 Eadem
1448 1755 1506 1815 pro

176 1938 181 1947 .
226 1853 340 1911 επεκαλ.
358 1852 519 1934 praebent
530 1853 652 1911 aarum.
670 1873 744 1914 oum
760 1851 856 1914 codd.
873 1850 1033 1914 tredecim
1055 1849 1192 1913 minusc.
1212 1852 1384 1930 Holmesii,
1410 1876 1504 1936 quam

226 1969 404 2034 lectionem
419 1969 529 2034 textui
544 1993 642 2055 supra
659 1971 823 2054 exscripto
839 1971 1104 2055 posthabendam
1120 1992 1191 2034 esse
1208 1994 1303 2036 nemo
1320 1971 1469 2056 negabit.

313 2090 412 2154 Quod
428 2090 470 2154 ad
484 2089 590 2155 varias
608 2089 759 2154 codicum
773 2091 933 2155 lectiones
954 2085 986 2154 οὗ
1001 2091 1069 2156 sive
1083 2085 1106 2170 d
1123 2091 1255 2172 attinet,
1275 2096 1355 2157 haee
1371 2092 1507 2156 testium

225 2210 309 2274 ratio
333 2209 486 2274 efficitur.
526 2211 567 2273 In
589 2210 737 2275 versione
760 2213 857 2275 Alex.
875 2215 1037 2296 praebent
1055 2239 1104 2276 ov:
1125 2208 1181 2282 'reA
1197 2214 1316 2296 fragm.
1334 2209 1504 2273 Londin.

226 2338 341 2394 contra
373 2329 534 2394 codicem·
552 2333 635 2416 Blo)
644 2355 652 2407 ;
675 2330 710 2396 in
725 2354 810 2396 novo
824 2339 1026 2398 testamento
1043 2341 1154 2397 autem
1171 2356 1220 2392 ov:
1245 2331 1375 2404 pappa
1392 2337 1506 2392 contra

224 2449 280 2518 AG
289 2453 346 2535 (ω)
386 2451 495 2515 Quam
515 2451 651 2514 testium
672 2451 926 2535 discrepantiam
949 2456 1036 2516 hunc
1057 2453 1091 2514 in
1114 2451 1249 2513 modum
1276 2449 1505 2533 explicandam
1604 2445 1606 2450 ¹

225 2593 296 2634 esse
314 2593 442 2635 aenaea.
482 2571 521 2634 In
538 2569 686 2634 versione
706 2572 803 2634 Alex.
822 2573 862 2634 ab
879 2571 973 2634 initio
996 2570 1162 2634 exstitisse
1185 2562 1234 2648 οὗ,
1252 2569 1388 2633 testium
1404 2569 1505 2632 trium

226 2690 511 2754 celeberrimorum
528 2711 705 2753 consensus
723 2691 926 2774 comprobat.
953 2693 1001 2753 At
1017 2713 1091 2754 cum
1107 2689 1229 2774 ubique
1244 2697 1413 2774 praeterea
1423 2693 1506 2754 haec

226 2809 356 2874 dicendi
371 2809 455 2873 ratio
471 2808 688 2872 inveniretur:
727 2808 893 2889 λογιζεσθαι
912 2833 963 2870 τινι
990 2833 1025 2882 τι,
1058 2809 1266 2874 difficultatis
1288 2811 1505 2874 removendae

227 2953 325 2993 causa
350 2929 479 2993 codices
503 2929 655 2992 nonnulli
675 2953 735 3013 pro
755 2952 788 2990 ov
807 2929 1053 2994 substituerunt
1069 2954 1112 3009 ω,
1146 2954 1284 3015 quorum
1314 2931 1346 2994 in
1371 2952 1505 2994 numero

227 3048 327 3113 etiam
350 3049 497 3112 codicem
519 3051 547 3116 B
569 3049 761 3133 reperimus.
801 3050 884 3112 Inde
908 3049 1007 3112 etiarn
1029 3049 1061 3114 in
1082 3051 1159 3114 novi
1180 3058 1259 3114 test.
1279 3050 1409 3114 codices
1425 3074 1505 3112 ncn-

226 3169 336 3232 nullos
363 3193 387 3230 ω
414 3169 582 3253 irrepsisse
598 3169 769 3255 probabile
783 3176 835 3232 est
851 3169 936 3252 (vide
953 3194 1051 3254 snpra
1067 3171 1107 3234 de
1124 3169 1235 3255 MC)
1244 3195 1253 3246 ;
1271 3194 1348 3234 nam
1367 3169 1401 3233 in
1421 3193 1505 3232 novo

225 3295 305 3352 test.
330 3289 370 3353 ab
396 3288 490 3352 initio
518 3311 551 3350 ov
567 3289 685 3368 fuisse,
712 3313 778 3353 non
805 3315 842 3367 ω,
880 3289 1000 3353 iterum
1031 3312 1209 3354 consensus
1241 3288 1391 3354 codicum
1422 3291 1506 3357 alal)

226 3415 339 3492 aperte
361 3409 580 3473 demonstrat.
612 3409 710 3472 'Peste
733 3408 980 3473 Tischendorfio
1003 3409 1073 3495 ipso
1097 3411 1186 3494 (Non.
1211 3416 1281 3472 leot.
1311 3409 1378 3472 Vol.
1401 3411 1504 3493 praef.

225 3552 258 3613 p.
277 3533 328 3593 23.
347 3530 403 3617 31)
428 3529 576 3593 codicum
594 3542 615 3594 rt
632 3531 705 3596 etB
722 3551 900 3593 consensus
921 3529 1157 3614 „antiquitatis
1180 3529 1417 3594 remotissimae
1433 3535 1505 3593 tex-

224 3656 323 3712 tum“
339 3650 543 3732 comprobat.

313 3769 418 3833 Simul
434 3769 542 3832 facere
559 3791 624 3832 non
639 3791 791 3852 possum,
818 3769 896 3854 quin
912 3771 982 3854 jam
1005 3773 1068 3834 hoc
1087 3772 1161 3835 loco
1184 3770 1230 3833 rei
1247 3768 1380 3832 criticae
1396 3769 1507 3851 legem

227 3889 390 3973 quandam
406 3891 538 3953 afferam
544 3937 553 3967 ,
579 3913 674 3972 quam
700 3889 787 3972 quod
812 3890 853 3954 ad
874 3914 996 3954 novum
1012 3896 1249 3954 testamentum
1265 3887 1387 3951 attinet
1403 3910 1506 3972 paene

225 4033 373 4073 normam
397 4009 578 4074 lectionum
601 4009 855 4093 judicandarum
879 4009 1092 4094 principalem
1117 4008 1225 4072 dicere
1249 4007 1367 4092 possis.
1418 4011 1506 4072 Ante

225 4129 396 4193 inventum
420 4129 564 4193 codicem
588 4129 783 4194 Sinaiticum
804 4131 997 4214 plerumque
1021 4128 1150 4192 codices
1172 4128 1202 4195 A
1224 4135 1257 4192 et
1276 4130 1306 4195 B
1329 4128 1439 4192 fontes
1460 4128 1507 4192 rei

228 4249 360 4314 criticae
376 4247 521 4333 primarii
537 4273 594 4312 suo
606 4251 681 4333 jure
697 4249 804 4314 habiti
820 4257 908 4314 sunt.
942 4248 1046 4332 Atqui
1062 4248 1341 4313 Tischendorf
1360 4248 1507 4314 ostendit

227 4370 316 4454 (Noa.
341 4376 409 4433 teet.
433 4369 531 4432 Vatia.
555 4370 658 4453 praef.
682 4393 714 4454 p.
735 4375 774 4434 22
791 4377 825 4434 et
841 4374 910 4453 29),
936 4369 1157 4467 „Sinaiticum
1183 4369 1330 4434 codicem
1356 4377 1390 4434 et
1411 4369 1506 4433 Vati-

227 4512 342 4554 canum
366 4489 447 4553 mira
467 4512 505 4553 ao
527 4488 686 4573 singulari
707 4491 804 4574 plane
828 4489 1024 4572 cognatione
1041 4491 1235 4574 conjunctos
1252 4490 1395 4554 videri.“
1433 4491 1507 4552 Qua
