3376 5200
762 297 881 390 ,11
910 385 930 390 -

208 515 343 578 latinam
369 515 444 578 inde
468 515 647 577 translatas
672 536 755 577 esse.
807 515 965 577 Extrema
989 521 1100 576 autem
1124 514 1224 577 lectio
1250 503 1321 596 (μου
1344 539 1374 574 εκ
1397 507 1486 588 arur.)

208 632 315 697 causis
342 633 470 696 duabus
496 636 708 702 vehementer
732 634 997 697 commendatur:
1022 633 1163 716 primum
1188 633 1338 698 codicum
1361 648 1382 699 S
1403 633 1488 700 etl

208 731 386 830 consensu,
419 753 475 836 qui
505 753 679 817 deficiente
711 753 784 816 cod.
810 755 840 818 B
864 753 1008 836 reliquos
1033 760 1177 836 aequant
1208 775 1337 831 omnes,
1370 753 1487 817 deinde

208 871 331 936 ordinis
360 871 449 934 illius
480 893 642 935 consensu
672 895 747 936 cum
778 873 850 936 cod.
874 872 904 938 Α
927 872 1022 934 LXX
1047 872 1190 935 virorum
1196 922 1206 951 ,
1242 873 1333 936 euius
1358 880 1487 936 textum

208 991 274 1054 loci
288 990 322 1054 in
338 991 479 1074 epistola
494 993 536 1054 ad
553 993 655 1056 Hebr.
672 965 800 1055 laudati
815 1013 918 1075 paene
934 992 1056 1074 ubique
1073 994 1297 1074 sequuntur¹).
1337 993 1364 1054 E
1382 991 1488 1055 causis

208 1111 305 1173 modo
322 1109 481 1194 expositis
498 1119 586 1174 certe
603 1114 666 1175 hoc
682 1111 870 1194 apparebit,
894 1111 984 1174 vocis
1003 1133 1060 1186 μου
1082 1111 1292 1174 omissionem
1313 1111 1346 1174 in
1368 1111 1488 1174 codici-

208 1232 270 1294 bus
286 1229 523 1313 antiquissimis
539 1231 634 1293 LXX
651 1231 794 1294 virorum
811 1230 944 1293 minime
961 1230 1171 1293 verisimilem
1193 1253 1280 1305 esse;
1306 1231 1371 1294 imo
1393 1231 1489 1308 omis·

209 1349 256 1414 sio
274 1349 399 1412 Paulo
422 1349 484 1432 ipsi
500 1349 630 1413 videtur
646 1349 833 1413 tribuenda.

296 1485 406 1554 LXX.
450 1472 468 1545 ὁ
487 1476 526 1546 δὲ
544 1477 683 1562 δίκαιος
702 1481 738 1546 ἐκ
757 1471 910 1563 πίστεώς
926 1502 999 1568 μου
1018 1471 1171 1572 ζήσεται.

295 1623 445 1685 Eundem
466 1630 597 1686 textum
617 1624 776 1705 praebent
796 1624 850 1690 RB
873 1631 907 1686 et
922 1625 1138 1705 hexaplorum
1153 1609 1320 1705 reliquiae.
1368 1626 1492 1688 Contra

209 1741 289 1808 Aet
305 1743 400 1805 codd.
423 1746 459 1805 13
477 1741 615 1805 minusc.
634 1743 759 1819 Holm.,
783 1741 902 1832 Clem.
923 1743 1053 1822 Alea,
1073 1743 1267 1825 Theoph.,
1292 1767 1357 1806 vsa.
1376 1768 1489 1807 camera.

211 1869 245 1925 et
259 1863 376 1924 elaeon.
400 1868 530 1942 ostrea:
550 1884 606 1938 μου
624 1884 654 1920 εκ
672 1884 800 1928 recreor.
821 1902 853 1909 -
880 1861 956 1925 Sine
976 1884 1032 1938 μου
1058 1861 1209 1946 (fortasse
1232 1885 1272 1926 ex
1294 1863 1492 1927 auctoritate

210 1951 343 2063 Pauli)
368 1982 476 2044 locum
495 1982 655 2063 praebent
672 1982 767 2044 codd.
789 1981 931 2066 quinque
949 1982 1104 2064 Holm.²).
1153 1982 1218 2044 Sed
1243 2005 1317 2046 cum
1343 1983 1492 2047 codicum

211 2101 378 2168 abiectio
395 2099 553 2164 facillime
570 2123 587 2164 e
602 2108 699 2164 textu
716 2101 869 2165 hebraico
893 2107 1021 2186 (nempe
1038 2124 1055 2164 e
1072 2101 1161 2165 varia
1176 2102 1319 2166 lectione
1343 2107 1492 2187 inrum)

211 2221 368 2305 explicari
385 2221 500 2304 possit,
519 2222 693 2284 verborum
710 2229 819 2285 autem
837 2221 990 2300 inversio,
1010 2244 1092 2305 quae
1108 2222 1143 2285 in
1153 2221 1491 2302 codieerlinvenitur,

210 2341 384 2425 interpreti
400 2341 552 2404 consulto
570 2341 713 2404 mutanti
728 2341 904 2406 tribuenda
920 2343 1009 2426 sit³),
1034 2343 1067 2404 in
1090 2342 1240 2406 codicum
1261 2358 1283 2409 re
1302 2350 1337 2406 et
1353 2345 1382 2408 B
1397 2351 1495 2406 textu

213 2484 287 2527 cum
304 2461 508 2545 Bleekio⁴)
525 2469 559 2525 et
574 2461 833 2525 Delitzschio
850 2463 1123 2545 acquiescendum
1140 2461 1214 2526 erit.

297 2600 409 2666 Hebr.
432 2611 512 2694 rip-37
529 2599 672 2692 turinga,
687 2609 782 2692 praa]

212 2778 552 2787 -—-—-—-———---

299 2879 326 2942 1)
356 2878 397 2929 cf.
417 2879 533 2936 Bleek,
552 2875 699 2940 Einleitunq
720 2878 746 2924 ia
768 2874 813 2922 den
833 2874 911 2939 Bries
923 2892 956 2924 aa
973 2874 997 2924 d.
1019 2873 1096 2924 Hebr.
1120 2893 1146 2940 p.
1161 2879 1211 2928 372
1225 2894 1265 2942 sq.
1309 2878 1412 2928 Obiicit
1430 2895 1494 2928 sane

215 2966 387 3016 Delitasch
407 2962 552 3027 (Gennesar.
572 2963 632 3011 iiber
649 2961 694 3009 den
707 2961 860 3010 Heorrerbr.
879 2979 905 3026 p.
922 2962 994 3026 508),
1013 2968 1148 3012 auctorem
1166 2965 1297 3027 epistolae
1311 2964 1345 3012 ad
1359 2965 1495 3014 Hebraeos

214 3051 306 3101 eadem
319 3050 423 3100 ratione
437 3067 488 3114 qua
501 3051 529 3099 in
542 3052 602 3099 loco
617 3053 656 3108 10,
670 3053 703 3098 30
721 3050 798 3098 Pauli
817 3049 1008 3112 allegationem
1023 3055 1143 3098 secutum
1163 3065 1230 3098 esse.
1268 3051 1303 3098 At
1327 3051 1440 3112 primum
1462 3051 1495 3099 de

213 3137 312 3186 Pauli
333 3136 485 3184 imitatione
499 3136 527 3184 in
541 3137 600 3184 loco
615 3139 655 3194 10,
672 3137 705 3184 30
718 3136 836 3184 dubitari
849 3137 954 3197 potest,
976 3136 1133 3198 praesertim
1148 3136 1279 3184 cumcurl.
1295 3144 1313 3186 r<
1332 3136 1411 3184 verba
1429 3137 1495 3198 leyrr

214 3240 301 3289 κυριος
313 3221 371 3270 illic
384 3221 502 3279 omittat,
516 3221 614 3270 deinde
628 3237 681 3271 non
694 3221 780 3278 video,
798 3221 928 3284 quomodo
941 3239 992 3280 μου
1005 3221 1073 3269 illud
1086 3221 1114 3268 in
1128 3222 1234 3269 codices
1248 3223 1495 3284 praestantissimos

214 3307 362 3371 irrepserit.
411 3306 459 3354 Sin
478 3323 492 3356 e
513 3307 582 3355 Lxx
604 3308 709 3356 illatum
734 3309 787 3364 est,
811 3322 856 3354 cur
874 3309 986 3369 uterque
1009 3305 1091 3354 codex
1111 3301 1178 3366 (red)
1200 3307 1273 3354 Rom.
1295 3309 1317 3363 1,
1337 3307 1368 3356 17
1388 3312 1416 3356 et
1435 3307 1494 3356 Gal.

214 3396 238 3451 3,
250 3389 284 3441 11
307 3394 375 3442 illud
397 3411 447 3451 μου
469 3393 592 3441 omittit?
629 3392 747 3441 Flandem
767 3408 843 3455 quarn
863 3407 912 3440 nos
931 3391 1075 3440 lectionem
1098 3391 1123 3454 (o
1143 3391 1168 3438 δι
1185 3391 1234 3440 δικ.
1248 3389 1310 3453 μου)
1329 3391 1358 3440 in
1380 3393 1496 3454 epistola

215 3479 249 3528 ed
271 3479 352 3528 Hebr.
376 3480 457 3530 etiam
478 3479 584 3530 Bleek
612 3476 667 3541 (der
688 3475 771 3541 Bries
786 3493 818 3524 aa
839 3474 879 3524 die
901 3474 994 3535 Hebr.,
1020 3481 1045 3526 2.
1062 3478 1144 3526 Abth.
1170 3479 1195 3526 2.
1213 3477 1307 3526 H'alfte
1326 3493 1352 3541 p.
1368 3480 1495 3542 714sq.),

215 3564 367 3613 Tholuek
391 3562 559 3628 (Commentar
578 3579 631 3611 zena
652 3561 741 3627 Briefe
762 3578 795 3610 aa
816 3561 856 3609 die
870 3559 946 3609 Hebr.
967 3563 1009 3611 ed.
1024 3563 1074 3620 Ill,
1094 3580 1120 3626 p.
1134 3564 1206 3622 367),
1226 3563 1426 3622 Lachmann,
1445 3565 1495 3613 Ti·

215 3651 402 3700 scheudorf
418 3651 504 3700 secuti
522 3654 595 3700 sunt.

301 3753 328 3816 2)
349 3755 388 3804 Dc
407 3757 466 3803 tota
485 3731 534 3802 hdo
554 3754 712 3816 quaestione
732 3769 762 3801 ex
776 3767 855 3814 opere
868 3751 1037 3799 Holmesii
1056 3751 1089 3798 ob
1102 3752 1306 3813 perversitatem
1320 3753 1376 3801 eius
1390 3769 1495 3801 accura-

216 3841 270 3888 tius
282 3840 396 3888 iudicari
409 3855 463 3889 non
477 3843 577 3903 potest.
599 3839 712 3888 Eosdem
725 3838 795 3886 onim
809 3837 924 3894 codices,
944 3837 989 3900 qui
1002 3855 1053 3894 μου
1066 3841 1129 3884 ante
1143 3852 1254 3892 nruruur
1267 3845 1385 3894 servant,
1405 3853 1496 3887 vocem

215 3944 266 3984 μου
278 3928 341 3990 post
353 3941 465 3980 narrum
483 3926 604 3974 omisisse
618 3924 693 3980 dicit,
714 3938 767 3971 non
785 3926 922 3985 reputans,
942 3922 1063 3985 singulos
1081 3921 1187 3970 codices
1204 3937 1259 3970 non
1276 3923 1328 3970 nisi
1347 3924 1496 3980 semaluos

217 4011 343 4074 praebere
362 4011 491 4074 potuisse.
529 4010 653 4058 Affirnrat
672 4011 760 4056 autem
779 3991 957 4057 'l'iscliend
979 4005 1024 4068 (ad
1037 4009 1089 4054 loc.
1104 4006 1186 4055 Hebr.
1203 4009 1243 4064 10,
1257 4005 1311 4068 38),
1331 4010 1417 4056 testes
1430 4010 1495 4056 mul·

216 4100 259 4146 tos
278 4097 307 4145 in
316 4095 385 4144 Lxx
397 4113 448 4154 μου
462 4095 597 4153 omisisse;
617 4110 630 4142 e
644 4094 739 4156 quibus
754 4094 873 4143 Holmoe.
888 4109 943 4142 non
957 4093 1009 4142 nisi
1023 4092 1141 4154 quinque
1155 4093 1318 4141 minusculus
1332 4092 1419 4142 affert.

303 4199 331 4263 2)
351 4197 392 4249 cf.
407 4198 523 4256 Bleelr,
546 4194 677 4246 Commeat.
697 4213 749 4244 zum
763 4194 850 4258 Briefc
862 4212 895 4243 un
907 4193 948 4243 die
960 4192 1040 4242 Hebr.
1060 4197 1084 4242 2.
1095 4195 1178 4244 Abth.
1199 4198 1224 4244 2.
1236 4195 1330 4244 Halae
1350 4212 1376 4259 p.
1390 4197 1441 4246 714
1454 4213 1494 4259 sq.

302 4302 330 4366 3)
351 4301 392 4352 Cf.
406 4301 510 4351 Bleek
529 4300 696 4364 1.1.p.714.
733 4301 820 4350 Aliter
838 4315 902 4348 sane
921 4299 1072 4348 Bleekin
1090 4297 1290 4346 introductione
1309 4298 1338 4347 in
1360 4299 1441 4362 epist.
1462 4299 1497 4348 ed

218 4390 355 4439 Hebraeos
377 4389 446 4450 (not.
462 4387 524 4450 469)
544 4387 658 4444 iudicat,
678 4401 769 4435 vocem
786 4404 837 4444 μου
856 4402 869 4434 e
891 4385 960 4433 Lxx
978 4385 1093 4433 virorum
1113 4383 1249 4431 codicibus
1269 4383 1410 4432 delendam
1430 4400 1496 4441 esse,

219 4477 316 4539 quippe
335 4490 402 4538 quae
421 4475 492 4522 vario
510 4475 569 4523 loco
588 4490 602 4523 a
621 4473 699 4522 variis
717 4473 883 4534 praebeatur.
