3376 5200
738 326 909 420 ,ιε-

183 526 286 588 tivum
317 525 484 608 praebere.
539 525 692 588 Fortasse
722 525 797 588 inde
827 525 954 588 fautum
984 531 1051 602 est,
1074 496 1122 588 ¹ut
1151 524 1236 592 AOF
1268 533 1332 589 eto.
1365 527 1465 590 etiam

183 648 271 708 huno
301 646 413 708 looum
444 645 485 708 ad
518 644 719 727 reliquorum
752 668 901 708 normam
934 646 1158 708 emendarent.
1205 646 1330 710 Iniuria
1355 653 1466 709 autem

184 766 230 828 de
247 767 398 843 Wette,
420 765 556 848 Meyer
579 765 622 828 al.
646 763 860 828 indicativum
882 765 1076 848 simpliciter
1095 772 1134 828 ut
1156 787 1173 828 e
1195 765 1289 828 LXX
1314 765 1391 830 viris
1415 787 1465 830 re·

184 884 324 968 petitum
347 885 536 967 reprobant.
559 924 600 982 —·
617 884 767 966 Denique
793 884 901 948 verbis
927 905 976 962 της
993 887 1089 946 alred.
1114 885 1203 950 nep
1221 887 1257 970 (?)
1274 884 1340 953 Fi}
1364 888 1385 948 d
1409 908 1424 948 e
1444 911 1465 967 ρ

185 1005 295 1066 demid.
327 1003 487 1066 Hieron.
522 1005 564 1066 al.
597 1004 806 1068 substituunt
836 1007 865 1088 (e
895 1004 991 1068 LXX
1021 1004 1109 1088 viris)
1141 1028 1196 1082 μου
1220 1010 1318 1067 Ισιιακ
1351 1013 1467 1070 eontra

185 1122 295 1191 slsst
319 1130 383 1186 ete.

269 1261 380 1327 LXX.
408 1251 533 1341 ἔκβαλε
552 1245 619 1346 την
637 1252 834 1348 παιδίσκην
852 1245 990 1348 ιαύιηιι
1007 1241 1149 1322 καλιὰν
1166 1249 1248 1322 υἱὸν
1266 1249 1394 1348 αὐτῆς·
1424 1247 1467 1321 οὐ

184 1383 252 1484 γὰρ
281 1384 332 1483 μη
361 1381 625 1483 κληρονομήσει
657 1383 784 1475 ὁύἱὸς
812 1390 874 1484 ιης
903 1389 1096 1484 παιδίσκης
1128 1387 1262 1485 ταύτης
1288 1385 1467 1483 pendam]

185 1527 268 1593 αίοῦ
286 1549 358 1615 μου
371 1517 504 1594 Ἰσαάκ.

271 1670 339 1736 VV.
355 1671 423 1736 LL.
460 1693 565 1749 ταυτην
594 1674 642 1755 (ut
666 1672 799 1756 Paulus)
832 1671 992 1736 omittunt
1023 1673 1118 1736 oodd.
1147 1677 1186 1737 18
1217 1673 1348 1750 Holm.,
1382 1671 1466 1736 Cat.

185 1790 290 1868 Nic„
309 1790 495 1853 Theodrt.
509 1791 582 1874 (bis)
601 1792 740 1876 Chrys.
754 1793 878 1876 (semel,
902 1794 960 1856 sed
975 1791 1098 1856 ibidem
1115 1792 1213 1856 etiam
1231 1794 1355 1876 habet).
1378 1831 1409 1840 —
1430 1816 1467 1871 μη

187 1909 348 1972 omittunt
368 1909 433 1975 IX
454 1911 549 1974 codd.
567 1911 705 1975 minuso.
723 1919 803 1975 tres
827 1951 857 1960 —
879 1915 1073 1993 κληρονομηση
1099 1914 1260 1996 praebent
1281 1913 1377 1976 eodd.
1407 1909 1466 1973 mi-

187 2050 279 2090 nuso.
298 2033 334 2105 8,
359 2027 444 2091 Cat.
462 2029 566 2108 Nio,
594 2032 735 2114 Chrys.
762 2032 951 2095 Theodrt.
979 2035 1133 2109 Aster.;
1158 2040 1270 2097 tamen
1293 2029 1411 2096 oumA
1434 2037 1468 2093 et

188 2149 283 2212 codd.
306 2147 444 2214 minuso.
470 2149 570 2232 longe
594 2149 744 2233 plurimis
767 2151 977 2214 retinendum
1002 2151 1064 2215 erit
1088 2154 1295 2232 κληρονομησει.
1313 2192 1345 2200 -
1364 2172 1470 2228 aaran?

187 2268 314 2332 omittit
334 2267 362 2334 A
389 2274 423 2332 et
448 2269 543 2332 eodd.
568 2274 588 2332 t
612 2267 751 2334 minuso.
799 2270 912 2333 Codex
933 2271 953 2336 Ι
979 2277 1067 2334 certe
1151 2294 1201 2349 της
1222 2272 1319 2334 etiam
1346 2277 1467 2334 servat.

189 2387 272 2452 Cum
293 2410 475 2471 pronomen
505 2389 647 2452 alterum
672 2391 815 2474 (ταυτης),
843 2391 930 2473 quod
956 2391 1028 2454 eod.
1054 2390 1246 2454 Cottoniani
1270 2390 1468 2454 auctoritate

188 2508 451 2586 commendatur,
486 2515 563 2591 post
596 2509 795 2575 antecedens
825 2533 931 2588 ταυτην
954 2517 992 2574 ut
1017 2511 1215 2593 superfluum
1240 2510 1337 2574 facile
1360 2509 1470 2573 omitti

186 2635 310 2711 posset,
327 2627 416 2710 prius
433 2635 542 2692 autem
559 2629 593 2692 in
608 2629 793 2694 unoialibus
806 2605 962 2694 omnibus
979 2637 1104 2709 exstet,
1128 2637 1304 2714 utrumque
1325 2629 1468 2694 retinen-

187 2748 265 2810 dum
282 2746 551 2811 existimavimus.
598 2750 718 2813 Utrum
739 2752 909 2834 apostolus
933 2751 1071 2814 testium
1093 2750 1291 2815 auctoritate
1312 2751 1403 2842 nisus
1426 2750 1470 2841 sit

188 2888 230 2928 an
252 2865 403 2929 consulto
424 2874 600 2952 utrumque
622 2877 660 2932 ut
681 2871 721 2934 ab
738 2879 933 2953 argumento
951 2895 1009 2934 suo
1026 2871 1170 2935 alienum
1192 2871 1355 2949 omiserit,
1382 2870 1468 2934 diffi-

188 2985 250 3048 eile
276 2991 327 3048 est
352 2985 455 3050 (lietu.
502 2990 676 3054 Praeterea
700 2990 734 3053 in
759 2990 912 3054 maiorem
940 2991 987 3054 rei
1008 2992 1262 3056 elucidationem
1284 2990 1392 3056 verbis
1414 3013 1468 3053 ex-

186 3105 300 3170 tremis
322 3109 387 3191 (μου
406 3110 514 3194 Ισαακ)
532 3109 707 3174 substituit
721 3132 771 3188 της
788 3113 955 3189 alevadae.
998 3112 1053 3174 lta
1075 3113 1161 3175 enim
1177 3112 1283 3196 magis
1298 3111 1469 3195 perspicue

187 3225 250 3288 sibi
266 3235 477 3310 opponuntur
492 3230 632 3294 ancillae
648 3230 736 3294 filius
753 3238 787 3294 et
803 3231 936 3309 liberae,
956 3255 1037 3315 quos
1050 3231 1291 3295 etreieotorum
1302 3239 1336 3294 et
1346 3232 1469 3293 eleeto-

186 3370 258 3409 rum
273 3354 373 3432 typos
389 3349 591 3413 eonstituere
608 3352 779 3434 apostolus
796 3351 862 3414 sibi
874 3358 1101 3434 proposuerat.
1149 3351 1304 3414 Ceterum
1320 3352 1403 3414 bene
1419 3372 1469 3412 re·

187 3438 538 3554 spondendIrXkairi
554 3469 715 3532 hebraicis
740 3481 793 3562 '32
813 3467 890 3551 &3⁵2
912 3466 952 3534 tib
973 3483 1006 3552 Ὁ,
1027 3479 1170 3562 fflssnttt
1186 3468 1275 3548 nrt-tt}
1291 3482 1392 3561 ωηιξη
1409 3465 1471 3560 up

187 3583 678 3678 mmmmmmn

709 3846 831 3901 Locus
849 3847 945 3902 ΙιΙΧ.

587 3998 673 4082 Eph.
692 4003 724 4072 5,
742 4003 781 4064 31
804 3999 847 4063 of.
866 4002 949 4064 Gen.
969 4005 998 4078 2,
1018 4005 1068 4064 at.

268 4186 366 4264 Ἀκιί
385 4187 515 4265 τούτου
533 4195 740 4290 καταλείψει
759 4189 960 4294 ἄνθρωπος
983 4193 1046 4267 τόν
1070 4203 1209 4294 παιίρα
1231 4199 1292 4269 καί
1316 4199 1383 4297 την
1404 4227 1470 4296 Ιιιη-

191 4336 274 4424 τέρα
302 4329 363 4400 καὶ
389 4326 754 4427 προσκολληθήσειαι
782 4329 874 4430 πρὸς
892 4329 972 4430 τὴν
1000 4344 1152 4422 γυναῖκα
1183 4333 1247 4440 [ιη
1274 4335 1468 4429 γυναικὶί]

189 4460 302 4535 αὐτοῦ
321 4466 382 4536 καὶ
400 4472 546 4538 ἐσονιαι
565 4473 599 4540 ot
618 4462 683 4539 doio
702 4473 752 4555 εἰς
772 4462 890 4568 σάρκα
908 4473 1007 4563 μίαν.
