3376 5200
821 295 926 390 rs—

202 500 284 562 Etsi
295 499 366 582 quis
377 499 476 576 dieat,
495 498 758 562 emendationem
774 519 815 560 ex
831 520 868 560 eo
885 497 1088 580 perspicuam
1107 520 1189 574 esse,
1208 498 1295 580 quod
1309 498 1480 580 apostolus

203 619 368 702 passivum
383 641 488 701 genus
511 619 699 701 (διετηρηθης)
716 616 749 678 in
765 615 910 679 activum
927 617 1120 694 mutaverit,
1147 625 1260 679 nostro
1283 617 1351 680 iure
1368 618 1409 681 ad
1425 641 1480 681 va-

202 737 283 802 riam
302 738 460 802 versionis
483 738 580 800 Alex.
599 736 775 800 lectionem
795 737 1006 819 hexaplarem
1028 760 1126 820 supra
1147 744 1296 800 notatam
1323 739 1481 819 (ὁιαηρησα
1516 708 1521 718 ’

201 860 243 940 σε)
269 857 531 941 provocabimus,
584 855 940 918 Montefalconius
970 861 1142 938 utramque
1166 855 1343 918 lectionem
1372 857 1481 939 (διετηρ,

202 979 375 1059 etdvsopo)
401 999 418 1040 e
444 976 556 1040 codice
582 975 723 1058 quodam
745 973 977 1038 Basileensi
1002 975 1178 1058 repetitam
1203 975 1294 1038 dicit.
1341 975 1482 1038 Etiamsi

201 1120 267 1160 non
292 1095 355 1159 nisi
377 1097 481 1159 altera
505 1097 643 1178 (derupta)
681 1093 830 1157 codicum
867 1094 1006 1157 aliorum
1042 1095 1252 1176 antiquorum
1282 1095 1481 1159 auctoritate

201 1215 449 1279 commendatur
474 1214 558 1298 (vide
584 1216 703 1296 supra),
729 1220 842 1276 tamen
867 1213 979 1296 negari
1004 1237 1069 1277 non
1093 1215 1233 1296 poterit,
1266 1215 1343 1297 quin
1369 1222 1403 1278 et
1424 1214 1481 1278 illa

199 1344 364 1431 (διετηρησα
382 1341 438 1428 σε),
457 1374 553 1433 quam
579 1350 821 1413 Montefalc.
849 1372 889 1412 ex
914 1351 1029 1413 eodem
1055 1350 1166 1414 codice
1192 1353 1302 1428 affert,
1330 1351 1371 1414 ad
1396 1351 1480 1414 anti·

201 1471 357 1553 quissima
378 1478 528 1552 tempora
548 1470 719 1533 referenda
741 1470 801 1547 sit,
828 1469 1020 1552 praesertim
1043 1493 1117 1534 cum
1139 1459 1203 1534 iam
1220 1472 1368 1553 Vulgata
1393 1441 1481 1533 simi-

200 1589 276 1652 liter
292 1591 463 1673 praebeat:
484 1589 575 1670 posci
592 1596 630 1652 te.
679 1589 736 1652 Sin
757 1597 896 1672 utraque
913 1589 1012 1652 lectio
1030 1590 1071 1652 ad
1093 1590 1209 1654 Pauli
1231 1591 1331 1655 verba
1353 1612 1480 1653 accom-

199 1710 333 1772 modata
349 1716 451 1787 esset,
472 1709 628 1793 explicari
645 1731 709 1772 non
724 1717 848 1792 posset,
869 1709 1010 1792 primum
1027 1710 1191 1793 quomodo
1208 1713 1324 1787 dvvupir
1341 1710 1375 1773 in
1392 1711 1480 1774 codi-

89 1866 99 1880 ·
200 1851 253 1891 ces
274 1828 433 1911 plurimos
453 1828 548 1892 LXX
564 1828 707 1891 virorum
732 1829 934 1912 irrepsisset,
962 1830 1080 1893 deinde
1106 1853 1163 1893 cur
1186 1854 1252 1893 non
1273 1830 1344 1913 ipsa
1367 1831 1481 1894 Pauli

199 1949 298 2010 verba
314 1936 456 2028 (εξηγαρα
475 1937 521 2028 σε)
542 1947 576 2010 in
596 1947 778 2012 versionem
802 1949 899 2010 Alex.
924 1948 1019 2012 illata
1040 1957 1162 2013 essent.
1209 1950 1292 2013 Inde
1315 1953 1377 2013 hoc
1397 1950 1480 2013 veri·

200 2065 400 2128 simillimum
419 2065 513 2130 nobis
532 2066 676 2143 videtur,
706 2068 869 2129 Paulum
892 2069 1029 2132 lectioni
1045 2069 1094 2131 illi
1113 2092 1194 2129 evena
1212 2093 1315 2130 τουτου
1333 2072 1481 2147 durcones

199 2207 240 2256 σε,
256 2186 348 2248 euius
363 2207 403 2248 ex
418 2193 512 2269 parte
524 2208 647 2249 memor
663 2192 744 2264 erat,
763 2187 876 2249 ardore
894 2189 1036 2270 quodam
1047 2189 1296 2251 demonstrandi
1306 2189 1480 2272 abreptum

199 2305 428 2368 substituisse:
458 2327 496 2372 εις
515 2328 586 2365 coro
605 2327 691 2365 τουτο
708 2306 833 2384 εξηγαρα
852 2329 892 2377 σε,
912 2315 948 2369 ut
965 2307 1209 2370 obturationem
1226 2309 1406 2372 Pharaonis
1423 2331 1480 2394 per

200 2425 297 2487 deum
316 2424 424 2508 ipsum
447 2427 597 2488 effectam
620 2424 725 2507 magis
746 2434 890 2508 urgeret.
938 2427 1019 2489 Inde
1041 2427 1137 2489 simul
1160 2428 1260 2491 verba
1281 2429 1389 2511 priora
1408 2453 1478 2491 mu·

201 2543 287 2608 tavit
311 2544 345 2607 in
370 2567 407 2612 su·
425 2568 496 2604 αυτο
514 2567 615 2616 τουτο,
640 2566 712 2607 cum
736 2543 831 2608 LXX
855 2544 915 2608 viri
931 2546 1115 2609 accuratius
1134 2546 1313 2610 vertissent
1334 2571 1382 2607 και
1399 2571 1480 2608 sceau

199 2687 310 2724 τουτου.
351 2665 477 2728 Vocem
493 2661 572 2731 nbis
592 2672 729 2746 uterque
745 2671 858 2727 textus
876 2672 910 2728 et
925 2665 1019 2728 LXX
1035 2665 1177 2728 virorum
1195 2673 1228 2729 et
1245 2667 1361 2729 Pauli
1383 2668 1478 2731 omit·

198 2783 252 2844 tit.
292 2784 409 2866 ltaque
431 2786 495 2846 hoc
511 2783 675 2866 quideme
692 2784 766 2846 loco
784 2792 896 2847 nostro
913 2785 1001 2848 effici
1016 2809 1082 2848 non
1097 2793 1220 2868 potest,
1243 2794 1281 2848 ut
1298 2786 1480 2850 versionem

200 2902 297 2964 Alex.
325 2901 446 2966 diserte
472 2903 512 2966 ad
537 2925 681 2966 normam
714 2910 827 2967 textus
853 2904 998 2968 hebraici
1028 2906 1069 2968 ab
1095 2905 1246 2988 apostolo
1272 2907 1480 2970 emendatam

199 3020 356 3085 dicamus,

715 3247 837 3304 Imeus
854 3249 963 3304 LXV.

567 3385 663 3446 Rom.
683 3387 733 3461 12,
753 3387 791 3447 19
810 3383 852 3447 of.
869 3384 971 3447 Deut.
990 3389 1041 3462 32,
1060 3390 1112 3448 35.

288 3554 493 3652 Γέγραπται
511 3555 579 3658 γάρ
594 3556 695 3652 Ἐμοὶ
712 3562 908 3658 ἐκδίκησις,
935 3557 1000 3651 ἐγώ
1021 3556 1269 3632 ἀνταποδώσω
1276 3557 1399 3651 ,λέγει
1419 3559 1478 3635 κύ-

198 3723 276 3796 ριος
294 3699 384 3786 (FGz
411 3698 622 3794 avranodw3
648 3701 798 3766 similiter
814 3703 920 3772 versio
937 3705 1050 3785 goth:
1075 3704 1232 3785 retribuo).

282 3847 391 3912 LXX.
432 3840 470 3906 ἐν
488 3832 605 3932 ἡμέρᾳ
625 3833 837 3935 ἐκδικήσεως
857 3835 1104 3912 ἀνταποδώσω
1122 3840 1195 3910 κτλ.

283 3965 400 4028 Variae
421 3965 581 4030 lectiones
605 3989 678 4031 cum
701 3970 792 4032 nullo
815 3970 911 4033 modo
929 3991 1002 4034 oum
1020 3969 1114 4032 Pauli
1137 3968 1338 4052 allegatione
1359 3993 1477 4034 conve·

197 4083 290 4148 niant
300 4084 501 4150 omittendas
512 4087 783 4151 existimavimus.
801 4088 897 4152 LXX
909 4089 995 4152 viros
1006 4097 1128 4166 autem,
1141 4089 1188 4152 ita
1197 4096 1366 4153 vertentes
1377 4093 1477 4156 verba

198 4205 350 4268 hebraica
366 4201 448 4299 ulti]
465 4218 522 4296 ῦξξ
538 4201 586 4287 ἦ,
610 4207 773 4270 diversam
789 4231 807 4270 a
823 4217 936 4270 nostra
952 4209 1128 4271 lectionem
1144 4207 1342 4290 respexisse,
1361 4218 1476 4291 penta-

196 4325 337 4386 teuchus
354 4326 518 4403 Samar.,
544 4349 640 4409 quem
657 4348 763 4409 paene
780 4326 900 4389 millies
918 4350 988 4390 eum
1007 4328 1156 4391 versione
1173 4327 1271 4390 Alex.
1290 4329 1475 4394 consentire

197 4466 294 4527 supra
310 4443 373 4507 iam
390 4446 725 4524 commemoravimus,
744 4446 886 4510 lectione
903 4471 961 4510 sua
977 4459 1034 4534 hp:
1050 4443 1120 4514 mih
1137 4447 1257 4510 diserte
1269 4449 1473 4532 comprobat.
