3376 5200
813 301 851 362 57

748 389 916 396 ..η-ψ

194 503 332 584 Propter
352 503 437 565 hano
459 501 596 564 testium
618 502 895 585 praestantiorum
917 503 1164 566 multitudinem
1187 506 1226 568 de
1243 505 1472 575 emendatione

144 635 147 640 '
195 644 233 683 ex
249 644 334 684 novo
351 628 431 685 test.
449 623 540 684 nullo
558 611 654 685 modo
672 622 812 705 cogitari
826 629 953 706 potest,
972 622 1036 685 imo
1058 623 1159 686 lectio
1180 649 1226 684 και
1244 626 1368 706 elapsae
1389 626 1472 688 anti-

194 741 349 822 quissima
371 742 523 804 habenda
546 749 607 804 est.
654 743 752 804 'Peste
774 742 935 804 Montes
939 743 1099 806 alconio
1122 743 1187 806 iarn
1207 744 1248 808 in‘
1261 745 1410 828 hexaplis
1432 746 1473 808 ad

193 861 304 923 locum
319 862 419 924 Deut.
439 867 489 939 24,
510 865 525 926 7
544 862 737 925 adnotatum
755 869 839 924 erat:
866 863 961 924 LXX
981 886 1028 922 και
1046 862 1167 942 aspero·
1185 865 1262 923 Αλλ.
1277 888 1324 924 και
1341 865 1473 944 stupens.

193 981 340 1062 Utraque
351 980 453 1063 igitur
463 983 563 1044 lectio
579 981 774 1064 perantiqua
790 989 855 1057 est;
874 989 909 1044 at
921 982 1065 1048 codiciB
1077 993 1110 1046 et
1127 984 1363 1047 Sarraviano
1381 1007 1473 1067 prae-

193 1107 244 1163 ter
259 1108 389 1163 textum
407 1101 595 1164 hebraicum
612 1101 711 1164 etiam
727 1101 892 1164 versiones
910 1101 1155 1184 antiquissimae
1179 1125 1195 1166 e
1212 1103 1308 1166 LXX
1329 1103 1407 1166 viris
1423 1127 1472 1168 re·

193 1219 317 1302 petitae
342 1220 467 1282 favent.
520 1221 618 1283 'Peste
650 1220 734 1284 enim
761 1221 872 1284 Holm.
899 1222 1076 1285 lectionem
1102 1246 1149 1282 aar
1172 1222 1296 1301 εξαρειτε
1325 1225 1474 1288 nonnisi

193 1363 294 1402 verss
314 1341 399 1402 arod.
418 1339 506 1422 prior
522 1347 556 1402 et
571 1341 681 1418 tertia,
699 1343 776 1404 slav.
795 1349 918 1421 ostrop„
933 1364 1034 1422 peorp„
1054 1349 1250 1424 sequuntur,
1274 1365 1356 1426 quae
1372 1344 1472 1407 lectio

194 1459 333 1521 fortasse
355 1459 431 1520 inde
456 1467 527 1521 orta
549 1467 634 1537 erat,
663 1462 749 1543 quod
771 1461 879 1540 εξαρεις
898 1462 982 1524 male
1004 1463 1201 1545 respondere
1223 1463 1398 1526 videbatur
1423 1486 1472 1526 se-

194 1577 308 1659 quenti
330 1577 450 1660 plurali
471 1601 605 1642 numero
628 1580 657 1653 εξ
677 1605 753 1658 opero
774 1605 875 1641 corma

278 1697 389 1764 Hebr.
415 1708 528 1792 ῆᾈᾞρᾯ
549 1711 617 1790 ν’]ζι
636 1709 753 1793 ippum.
789 1704 896 1764 Paene
914 1701 1064 1764 omnibus
1081 1701 1113 1764 in
1129 1703 1211 1765 loeis
1228 1726 1325 1785 supra
1342 1725 1473 1768 enumc-

192 1817 272 1880 ratis
296 1818 500 1900 (praesertim
523 1819 733 1883 oum·eadem
755 1809 895 1884 formula
911 1821 1012 1884 toties
1034 1827 1214 1906 repetatur)
1237 1834 1302 1889 5¹1³
1324 1823 1472 1886 neutrius

192 1940 266 2000 1000
283 1937 510 2020 accipiendum
527 1947 579 2002 est
596 1946 684 2023 (ergo
704 1964 737 2001 ro
755 1945 901 2024 acapna).
957 1945 1004 2004 At
1030 1965 1102 2005 curn
1125 1945 1236 2006 Moses
1262 1951 1351 2006 certe
1372 1945 1472 2006 Deut.

193 2059 243 2134 17,
263 2059 279 2120 1
297 2065 330 2120 et
347 2061 428 2135 24,7
447 2065 543 2121 antea
558 2060 790 2142 praecepisset,
808 2069 845 2123 ut
861 2061 1025 2144 lapidibus
1042 2063 1266 2126 interficerent
1282 2063 1387 2150 virum
1404 2063 1473 2127 ido-

193 2177 343 2240 lolatriae
369 2177 437 2240 sive
464 2179 633 2241 hominum
658 2157 905 2243 nundinationis
933 2204 1039 2260 reum,
1066 2181 1162 2245 LXX
1184 2183 1244 2245 viri
1269 2185 1369 2248 etiam
1393 2185 1474 2248 alias

192 2307 259 2364 W
281 2297 322 2360 ad
344 2297 493 2360 homines
509 2298 586 2360 illos
602 2299 743 2362 nefarios
773 2300 893 2364 referre
924 2303 1111 2364 maluerunt
1142 2303 1229 2386 (inde
1259 2326 1308 2364 ror
1325 2310 1433 2390 πονηρ.)
1451 2315 1472 2391 ).

192 2418 342 2480 Paulus
365 2423 474 2481 autem
499 2441 574 2481 cum
592 2419 749 2482 iudicium
765 2419 889 2483 faceret
906 2421 946 2484 de
964 2421 1093 2484 homine
1111 2422 1229 2486 incesti
1244 2447 1317 2502 reo,
1341 2427 1473 2510 egregie

192 2538 373 2600 secundum
389 2539 485 2602 LXX
501 2538 589 2602 viros
606 2539 710 2602 Mosis
727 2539 835 2602 edicto
852 2539 910 2603 illo
927 2564 1005 2603 usus
1024 2549 1087 2618 est.

713 2767 834 2822 Locus
852 2767 955 2823 11111.

538 2955 547 2970 .
565 2905 595 2984 a)
613 2902 718 2965 lOor.
737 2906 767 2981 9,
786 2907 804 2966 9
822 2904 864 2966 cf.
883 2904 983 2968 Deut.
1003 2911 1053 2983 25,
1071 2911 1102 2970 4.

274 3075 331 3149 Ἐν
358 3077 425 3174 γὰρ
455 3081 501 3175 τῷ
531 3081 718 3167 Modestus*
745 3077 843 3177 νόμῳ
870 3089 1066 3176 γέγραπται
1099 3079 1155 3156 Οὐ
1181 3078 1359 3180 κημώσεις
1386 3086 1475 3177 βοῦν

193 3215 368 3288 ἀλοῶντα.

276 3365 344 3430 vv.
361 3365 429 3431 LL.
478 3387 614 3442 κημωσεις
640 3365 708 3450 (oui
729 3365 803 3428 voci
823 3368 958 3429 secund.
980 3368 1150 3451 Hesych.
1174 3368 1287 3430 eadem
1309 3367 1400 3430 notio
1424 3376 1474 3431 est

193 3485 356 3546 alterandi
378 3507 409 3545 os
425 3484 568 3564 capistro)
592 3485 780 3566 scripsimus
809 3507 883 3553 cum
904 3486 1028 3553 BDFG
1049 3487 1186 3569 Chrys
1217 3486 1473 3571 (ineommene.)

193 3601 382 3664 Theodrt.
400 3603 443 3664 al.
470 3641 499 3648 —
522 3603 645 3664 Textus
662 3611 813 3685 receptus
829 3606 967 3686 praebet
987 3627 1121 3684 φιμωσεις
1144 3629 1218 3668 oum
1235 3605 1364 3672 &ABll
1372 3604 1474 3673 01)·11

194 3728 227 3786 et
243 3721 401 3786 1111Ι1ΚΙι
418 3723 460 3784 al.
479 3728 517 3784 ut
533 3721 663 3786 videtur
680 3723 848 3802 omnibus,
875 3724 984 3807 Orig.
1008 3725 1094 3809 Cyr.
1119 3725 1259 3810 Chrys.
1283 3727 1471 3790 Theodrt.

194 3843 247 3926 (ad
272 3845 358 3904 huno
383 3842 420 3924 1.)
446 3842 489 3904 al.
536 3843 583 3904 At
609 3864 683 3905 curn
703 3865 797 3906 nemo
821 3845 908 3927 apud
925 3845 1020 3907 LXX
1046 3867 1183 3922 κημωσεις
1201 3848 1368 3928 praebeat,
1395 3870 1474 3930 apo-

195 3963 300 4024 stolus
317 3969 427 4024 autem
443 3961 512 4044 ipse
530 3962 563 4024 in
579 3963 652 4026 loeo
669 3965 827 4046 parallelo
847 3965 957 4028 lTim.
977 3970 1006 4042 5,
1026 3969 1064 4030 le
1084 3965 1262 4030 lectionem
1275 3988 1409 4045 φιμωσεις
1422 3989 1473 4029 se-

195 4071 330 4165 quatur,
348 4081 480 4144 minime
502 4081 618 4146 mirum
642 4091 703 4162 est,
722 4085 809 4166 quod
826 4087 910 4148 hanc
926 4086 1104 4149 lectionem
1127 4089 1268 4169 (pipam),
1295 4092 1328 4149 et
1345 4087 1385 4149 ab
1402 4085 1473 4169 ipso

194 4202 344 4285 apostolo
376 4201 456 4264 alias
487 4203 659 4284 probatam
690 4211 724 4266 et
754 4205 896 4268 versioni
921 4207 1018 4269 Alex.
1050 4207 1322 4289 respondentem,
1355 4205 1473 4289 prima-

280 4377 307 4440 1)
328 4377 397 4435 Quid
415 4379 485 4441 quod
499 4378 657 4428 Calvinus
672 4381 725 4428 loci
738 4381 940 4431 Deuteronomii
958 4383 1063 4432 nescius
1080 4400 1126 4431 τον
1143 4399 1260 4450 πονηρον
1276 4382 1346 4447 apud
1363 4381 1473 4431 Paulum

194 4463 227 4512 ad
241 4463 375 4512 diabolum
389 4465 479 4528 potius
491 4465 660 4514 referendum
674 4466 847 4516 existimavit.
