3376 5200
799 323 837 382 61

734 411 904 420 ,--.---

179 527 344 588 reddentur
360 526 392 587 ιἰι
410 532 452 606 le)
470 524 730 607 antiquissimam
749 545 819 586 esse
837 523 934 586 etiam
955 522 1157 584 Onkelosi
1179 521 1385 605 paraphrasis
1402 522 1459 582 do-

180 651 233 708 cet
255 648 294 728 (ev
312 667 357 704 σοι
377 675 408 697 =
430 637 542 737 ἵγξᾞξ,
570 645 653 706 Gen.
673 649 722 721 22,
743 648 782 707 18
807 644 888 706 adeo
915 654 970 732 ΊΞᾎ
993 637 1070 733 51η
1091 643 1333 725 proplerfilium
1356 647 1458 734 έιιαγι,·

180 764 331 827 similiter
347 764 446 827 etiam
462 764 560 846 Targ.
578 765 747 826 Jerusch.:
773 775 892 855 ῖγηηῡῑᾈ
908 761 928 824 i.
948 784 975 824 e.
995 762 1099 823 γιονιίο
1116 764 1191 842 loo).

691 1023 813 1077 Locus
834 1020 949 1075 nvn.

569 1158 642 1221 Gal.
660 1161 690 1235 3,
711 1162 748 1221 16
766 1157 809 1220 cf.
827 1157 928 1218 Deut.
948 1157 998 1232 27,
1018 1160 1069 1218 26.

266 1339 473 1426 Γέγραπται
483 1330 551 1432 γὰρ
563 1327 618 1403 ὅτι
631 1329 917 1428 Ἐπικατάρατος
934 1339 1005 1420 πᾶς
1020 1325 1059 1419 ὃς
1073 1328 1137 1402 οὐκ
1149 1337 1290 1423 έγιγιένει
1300 1336 1337 1401 έν
1347 1331 1460 1401 πᾶσιν

182 1483 255 1558 ιοῖς
273 1476 528 1564 γεγραμμένοις
545 1476 582 1539 έν
600 1470 648 1564 τῷ
668 1470 791 1564 βιβλίῳ
811 1477 875 1539 roo
896 1464 1007 1560 νόμου
1026 1471 1089 1538 tori
1106 1473 1259 1564 ποιῆσαι
1279 1462 1384 1537 abaci.

266 1617 418 1683 11121111.
451 1639 480 1676 ει
498 1615 586 1699 prius
612 1616 772 1679 omittunt
797 1632 819 1683 a
845 1620 944 1698 (corr.
973 1617 997 1677 O
1023 1615 1167 1697 eddidit)
1193 1616 1222 1680 B
1250 1617 1299 1678 17.
1327 1618 1378 1678 31.
1406 1617 1457 1677 37.

180 1741 265 1802 67ll
281 1739 323 1800 al.
347 1777 376 1783 -
400 1738 524 1800 Tamen
543 1761 570 1797 ει
589 1759 661 1800 eum
688 1737 822 1820 reliquis
844 1736 987 1800 testibus
1012 1735 1219 1798 retinendum
1244 1733 1390 1809 videtur3
1423 1741 1461 1796 ut

180 1861 242 1920 boc
259 1857 461 1934 omittamus,
481 1857 610 1919 codices
627 1872 649 1924 a
667 1863 700 1919 et
716 1858 745 1921 B
761 1859 802 1920 ad
819 1858 959 1920 eundem
975 1857 1099 1918 fontem
1124 1854 1388 1936 antiquissimum
1410 1876 1459 1915 re-

181 1976 258 2039 ferri
273 1999 369 2059 posse
387 1977 440 2059 (cf.
460 1999 542 2059 quae
559 1977 600 2039 ad
615 1977 680 2039 loc.
698 1977 715 2038 I
732 1977 973 2058 adnotavimus)
996 1998 1057 2038 nec
1079 1998 1144 2037 non
1162 1977 1246 2037 67³⁶*
1268 1975 1459 2056 plerumque

182 2118 256 2158 cum
271 2096 301 2161 Β
319 2096 434 2174 facere,
453 2095 584 2159 omissio
602 2096 691 2159 vocis
710 2119 738 2154 ει
757 2096 906 2159 emaiore
921 2093 1153 2158 concinnitatis
1170 2093 1279 2156 studio
1297 2093 1393 2155 facile
1406 2115 1459 2154 ex-

179 2214 338 2298 plicatum
364 2215 532 2278 antecedit
549 2215 633 2278 enim
650 2239 766 2293 εμμειει.
787 2255 818 2263 -
839 2218 1014 2278 Praeterea
1030 2215 1120 2275 solus
1136 2213 1166 2278 Β
1182 2236 1348 2292 ειγεγραμμ.

265 2351 375 2419 LXX.
408 2336 673 2441 έπικαιοῖραιος
691 2347 763 2428 πᾶς
782 2334 981 2438 ἄνθρωπος
1000 2333 1039 2427 ὃς
1058 2335 1123 2410 οὐκ
1142 2345 1285 2431 ἐμμένει
1308 2344 1345 2408 έν
1369 2341 1461 2408 nuere.

181 2489 255 2566 τοῖς
283 2473 402 2568 λόγοις
430 2481 491 2550 [οὐ
523 2473 637 2573 γόμου
662 2473 793 2550 coemo
822 2483 887 2549 ιού
917 2489 981 2571 (ed.
1008 2491 1103 2550 Rom.
1132 2510 1183 2546 τοι
1214 2484 1352 2568 omittit)
1383 2499 1460 2544 ποι-

181 2620 269 2710 Ιἠοαι
288 2611 431 2702 αὐτούς.

266 2745 333 2810 VV.
350 2747 417 2811 bb.
455 2768 513 2812 ιιας
531 2753 619 2824 αιθρ.
641 2746 801 2810 omittunt
823 2747 918 2810 codd.
939 2749 976 2810 71
998 2754 1032 2810 et
1049 2749 1087 2810 76
1111 2749 1141 2829 (a
1162 2745 1292 2829 syllaba
1314 2751 1461 2808 extrema

181 2862 272 2926 vocis
300 2885 408 2923 επικατ.
432 2864 473 2927 ad
489 2871 669 2928 extremam
685 2865 775 2929 vocis
800 2873 886 2943 αιΰρ.
910 2867 1124 2951 aberrantes).
1164 2867 1338 2928 Praeterea
1364 2887 1423 2932 πας
1446 2887 1461 2924 ο

182 2988 269 3062 aeto.
285 2984 445 3066 praebent
459 2983 530 3050 Ax
547 2989 598 3048 56.
616 3025 645 3031 -
661 3007 738 3052 οστιι·
752 3009 810 3068 pro
828 3006 860 3051 os
875 2984 945 3051 AX
962 2987 1057 3049 codd.
1076 2985 1214 3049 minusc.
1231 2985 1402 3049 tredecim.
1425 3023 1456 3032 -

180 3125 226 3162 ειιι
240 3126 298 3186 pro
315 3126 343 3164 ει
359 3103 465 3188 priore
481 3104 516 3170 X
528 3108 574 3188 (at
592 3128 621 3165 εγ
638 3105 670 3168 in
691 3104 862 3188 margine).
886 3145 914 3151 -
937 3122 972 3166 ια’
989 3106 1078 3188 prius
1098 3106 1258 3170 omittunt
1277 3105 1372 3169 codd.
1393 3112 1460 3167 tres

181 3223 318 3288 minusc.
344 3224 429 3307 (vide
451 3225 505 3292 RB
533 3224 566 3288 in
586 3248 661 3289 nov.
687 3228 792 3307 test).
824 3265 854 3272 -
884 3248 935 3285 τοι
953 3217 1148 3309 postzoveov
1167 3227 1293 3289 habent
1313 3223 1462 3290 AVIIX

133 3351 135 3354 ’
182 3343 277 3406 codd.
297 3349 336 3407 15
357 3347 515 3427 (ceterum
533 3345 567 3408 hi
583 3368 695 3409 omnes
711 3354 841 3429 praeter
858 3344 952 3410 Αιοο
971 3349 1068 3428 norece)
1077 3371 1085 3420 3
1111 3345 1183 3407 cod.
1207 3346 1236 3409 B
1254 3367 1305 3404 τοι
1322 3343 1459 3406 omittit.

181 3464 229 3525 At
245 3462 394 3524 codicum
408 3461 512 3528 Aeto.
530 3465 630 3526 lectio
648 3487 685 3527 eo
702 3465 807 3547 magis
824 3465 1037 3547 praeferenda
1054 3472 1115 3542 est,
1134 3464 1222 3545 quod
1237 3485 1288 3522 του
1304 3462 1460 3526 facillime

180 3587 257 3664 post
266 3603 370 3641 τουτου
380 3581 490 3643 omitti
503 3589 644 3663 poterat.
662 3621 692 3630 —
709 3583 810 3646 Vides
827 3583 929 3665 igitur
940 3583 972 3646 in
984 3582 1151 3645 codicibus
1167 3581 1460 3665 praestantissimis

181 3701 347 3785 duplicem
362 3723 476 3764 versus
492 3701 597 3763 nostri
612 3701 751 3764 formam
767 3708 913 3766 exstare:
931 3725 990 3769 ιτας
1009 3709 1169 3780 coopertos·
1180 3708 1255 3769 oret
1275 3724 1334 3768 ιιας
1345 3724 1360 3762 ο
1372 3708 1461 3778 cetu.

181 3843 265 3888 οσιις.
290 3821 440 3884 Paulus
457 3821 557 3916 etiam
568 3822 714 3885 hocloco
726 3822 887 3888 codicisB
898 3822 1075 3886 lectionem
1087 3822 1246 3905 sequitur.
1263 3820 1460 3900 Universum

182 3947 292 4002 autem
316 3942 426 4004 locum
450 3942 639 4006 memoriter
660 3944 808 4026 allegans
830 3965 945 4006 vocem
968 3949 1055 4022 αιθρ.
1080 3951 1118 4005 ut
1143 3942 1353 4026 superfluam,
1380 3941 1461 4004 item

180 4081 283 4120 τουτου
310 4061 370 4123 sub
397 4061 496 4125 finem
520 4069 558 4125 ut
583 4086 601 4126 a
628 4070 787 4127 contextu
812 4086 870 4126 suo
897 4063 1040 4127 alienum
1065 4061 1186 4125 omisit.
1242 4061 1325 4124 Cum
1350 4069 1458 4124 autem
1557 4111 1565 4129 .

180 4179 289 4242 verbis
308 4203 337 4241 ει
354 4203 427 4242 ιιασι.
445 4204 503 4250 τοις1
520 4184 612 4262 λογοις
631 4182 861 4246 substituisset
885 4207 931 4254 „ev
949 4205 1036 4244 πασιι
1054 4205 1113 4260 τοις
1131 4179 1294 4262 γεγραμμ.“,
1321 4204 1460 4266 pergen·

180 4421 227 4453 nur
239 4403 272 4452 do
290 4406 411 4455 eructetur
428 4406 472 4456 der
488 4410 514 4456 ιἰι
526 4405 594 4455 Rode
606 4407 721 4456 stelcnde
736 4406 854 4456 Gedranlce
870 4408 921 4456 cod
936 4426 993 4458 man
1003 4409 1075 4474 subtr
1095 4408 1168 4458 reicit
1186 4408 1224 4457 die
1237 4406 1458 4470 Intalulosiykeiu

180 4507 246 4538 wenn
259 4491 304 4539 der
316 4489 380 4540 Sion
392 4497 470 4555 ιαᾶνι,
485 4511 511 4541 οι·
521 4493 582 4542 sollo
595 4493 640 4542 den
658 4493 764 4544 Vc'lkern
777 4494 822 4543 der
833 4493 902 4542 Erde
915 4495 952 4544 ols
964 4494 1146 4560 Seqcnsformel
1156 4494 1250 4544 dieuco.
