3376 5200
777 252 917 343 *Q

685 505 807 560 Locus
828 503 977 560 nxxu.

567 643 583 703 1
603 640 678 704 Cor.
697 644 748 718 15,
768 643 806 705 27
825 639 868 703 cf.
886 640 1009 703 Psalm.
1029 647 1059 719 8,
1078 643 1106 706 7.

281 813 417 894 Πάντα
436 816 505 916 γὰρ
522 814 695 902 ὑπέταξεν
717 813 789 888 ὑπὸ
810 816 894 904 τοὺς
911 812 1027 905 πόδας
1045 815 1171 890 αὐτοῦ.

271 965 393 1032 ¹LXX.
435 948 557 1026 πάντα
576 950 755 1041 ὑπέταξας
771 948 942 1025 ὑποκάτω
962 957 1034 1025 τών
1051 957 1174 1027 ποδῶν
1193 952 1317 1026 αὑτοῦ.

284 1102 467 1185 Apostolus
483 1100 586 1184 igitur
601 1099 720 1164 iterum
737 1099 975 1183 simpliciorem
986 1101 1125 1164 formam
1135 1125 1191 1163 οπο
1204 1125 1272 1171 τους
1284 1105 1377 1170 aedae
1390 1125 1479 1164 αυτοο

196 1223 350 1306 praeben
369 1222 508 1285 alteram
523 1243 697 1304 personam
711 1220 860 1294 οπεταξας
875 1219 909 1282 in
923 1220 1057 1284 tertiam
1074 1220 1176 1284 flexit.

282 1344 373 1405 Bene
394 1347 504 1404 autem
520 1340 699 1423 respondet
714 1340 820 1404 versio
837 1341 935 1404 Alex.
953 1339 1132 1404 hebraicis:
1159 1336 1335 1433 t⁸b37·nnt]
1351 1340 1428 1432 nnc}
1443 1337 1480 1406 δὲ

686 1599 807 1653 [accus
824 1598 994 1652 laxxffl.

590 1732 700 1796 lOcr.
719 1736 770 1810 15,
787 1737 828 1796 45
846 1732 888 1795 of.
908 1734 991 1795 Gen.
1010 1739 1039 1811 2,
1059 1737 1088 1798 7.

287 1906 416 2000 Οὕτωζ
432 1913 493 1983 καὶ
511 1917 707 2009 γέγραπται
721 1907 874 2001 Ἐγένετο
896 1908 914 1980 ὁ
931 1911 1074 2004 πρῶτος
1089 1903 1290 2009 ἅνθρωπος
1303 1869 1420 2006 ᾖδοὶμ
1432 1919 1482 2002 εἰς

198 2045 323 2147 ψυχὴν
341 2049 460 2136 ζῶσαν
479 2045 514 2142 [ὁ
534 2055 686 2139 ἔσχατος
700 2045 817 2142 Ἀδὰμ
835 2055 886 2136 εἰς
904 2049 1045 2141 πνετῖμα
1065 2048 1291 2142 {anactoria}

282 2198 350 2264 Π.
366 2196 434 2264 LL.
481 2202 641 2276 ανθρωπος
659 2196 822 2261 edendum
838 2203 890 2260 est
905 2219 978 2260 cum
995 2195 1226 2266 snellardi·
1243 2198 1285 2261 al.
1304 2199 1477 2282 plerisque,

198 2320 286 2393 aaa,
313 2320 410 2399 culp„
437 2324 530 2398 cept,
556 2339 618 2402 syr.
644 2324 721 2390 aba,
749 2317 911 2400 Dialog.
939 2324 1054 2380 eontra
1078 2316 1310 2396 Marcionitae,
1339 2320 1477 2405 Chrys

199 2438 392 2502 Theodrt.
420 2439 528 2500 Dam.
556 2437 611 2516 al.,
639 2437 788 2521 patribus
813 2438 889 2501 latt.
917 2436 1042 2500 multis.
1073 2477 1102 2483 —
1132 2437 1293 2501 Lachm.
1321 2446 1480 2519 ανθρωπος

199 2557 292 2621 uncis
316 2556 451 2621 inclusit
459 2581 468 2633 3
500 2557 661 2620 omittunt
686 2557 772 2620 enim
796 2557 860 2623 ΒΚ
885 2559 928 2620 al.
950 2564 1035 2634 treS,
1063 2557 1168 2635 l)id.,
1195 2559 1356 2622 Irenaei
1380 2559 1479 2624 inter-

199 2701 248 2762 pr.
266 2678 345 2756 lae,
362 2677 535 2740 Tertull.
561 2677 685 2759 (semel)
703 2678 745 2739 al.
793 2677 886 2739 Quae
909 2675 1041 2740 omissio
1064 2677 1161 2740 facile
1187 2677 1262 2742 inde
1285 2680 1477 2762 explicatur,

199 2797 287 2880 quod
303 2796 445 2880 repetita
461 2797 601 2860 hominis
623 2795 714 2858 notio
733 2801 831 2878 (ανθρ.
853 2803 886 2859 et
902 2795 1014 2874 Aean·
1044 2805 1189 2861 ceterum
1215 2798 1258 2861 cf.
1285 2799 1384 2862 etiam
1409 2808 1480 2864 tex-

198 2925 271 2981 tum
295 2918 401 2999 hebr.)
427 2917 586 2980 lectorem
611 2916 810 2979 offendebat.
833 2957 864 2963 -
885 2917 979 2995 Αδαμ
1003 2917 1092 3000 prius
1118 2919 1213 2982 codd.
1244 2919 1381 2982 minusc.
1406 2924 1424 2983 5
1447 2925 1481 2983 ct

199 3038 300 3121 Aug.
319 3037 457 3120 (semel),
480 3036 620 3100 alterum
637 3037 742 3100 Iren.
760 3037 858 3101 codd.
883 3045 996 3102 eontra
1013 3037 1159 3101 unciales
1176 3061 1288 3102 omnes
1306 3039 1478 3102 omittunt.

285 3172 396 3241 LXX.
438 3164 498 3234 καὶ
516 3167 649 3251 ἐγένετο
669 3161 688 3233 ὁ
709 3158 909 3262 α’ν-θρωπος
926 3171 974 3250 εἰς
993 3161 1115 3262 ψυχὴν
1135 3154 1262 3250 ζῶσαν.

283 3293 351 3359 VV.
367 3293 435 3360 ΙτΙν.
481 3291 496 3353 ὁ
519 3292 680 3356 omittunt
705 3293 801 3357 codd.
819 3301 886 3357 tres
903 3292 1041 3358 minuso.
1060 3295 1171 3357 Holm.
1181 3320 1190 3371 ;
1208 3297 1345 3378 praebet
1370 3303 1482 3360 autem

199 3413 375 3478 articulum
390 3420 521 3498 praeter
536 3412 565 3479 A
582 3413 680 3477 etiam
698 3414 771 3497 eod.
792 3413 1052 3477 Bodleianus.
1083 3415 1239 3478 Ceterum
1256 3415 1387 3478 omissio
1404 3423 1480 3498 post

199 3535 451 3599 antecedentem
468 3535 605 3598 eandem
620 3534 749 3606 literam
768 3533 899 3596 minime
916 3533 997 3597 mira
1013 3541 1074 3597 est.

283 3649 775 3749 fflmmwm

284 3776 434 3840 Paulus
451 3774 554 3858 igitur
570 3773 752 3839 versionem
769 3774 867 3837 Alex.
885 3781 1037 3838 accurate
1054 3775 1212 3858 sequitur,
1231 3775 1353 3839 additis
1370 3783 1480 3840 autem

198 3895 307 3959 verbis
327 3916 441 3974 πρωτος
459 3901 493 3958 et
509 3893 611 3970 Αδαμ.
654 3894 749 3957 Unde
767 3893 937 3977 apostolus
953 3895 994 3958 ad
1012 3895 1147 3958 verbum
1164 3901 1340 3978 utrumque
1357 3896 1479 3959 adden-

199 4016 277 4079 dum
293 4015 457 4078 adductus
474 4013 584 4091 fuerit,
605 4014 726 4078 docent
745 4013 918 4097 sequentia
939 4037 955 4073 ο
973 4036 1067 4093 ccxcv.
1084 4012 1144 4074 Aa.
1162 4015 1221 4073 κτλ.
1263 4014 1356 4079 Quae
1381 4016 1481 4078 verba

198 4157 304 4220 neque
320 4133 531 4219 allegationis
547 4157 622 4217 pars
639 4140 716 4197 sunt
725 4136 759 4219 ¹),
776 4125 913 4218 ut'quae
930 4157 947 4198 e
964 4133 1145 4218 scripturae
1166 4135 1241 4197 loco
1263 4135 1480 4198 antecedente

285 4346 312 4408 1)
331 4347 404 4396 Bene
418 4345 578 4396 Calvinus
591 4346 625 4396 ad
638 4347 664 4394 h.
677 4347 708 4394 l.:
728 4361 790 4394 nanc
805 4349 865 4408 post
876 4343 1007 4393 adductum
1022 4343 1162 4406 scripturae
1175 4344 1337 4392 testimoniam
1355 4343 1482 4405 apostolus

199 4433 225 4480 in
236 4448 282 4480 αατ
289 4447 398 4494 perrona
413 4430 535 4480 Clusium
548 4429 618 4479 Adae
631 4446 751 4492 opponere
764 4430 861 4494 incipit.
