3376 5200
817 309 856 370 73

283 515 379 577 LXX
396 512 457 575 viri
472 518 599 575 textum
618 535 637 574 a
652 518 765 573 nostro
783 509 947 573 diversum
964 508 1070 572 secuti
1086 517 1179 588 sunt,
1207 533 1322 594 nempe
1339 524 1479 578 inuans:

199 634 253 716 (cl'.
272 633 371 698 etiam
387 655 469 715 quae
486 630 702 695 antecedunt:
728 652 745 706 η
763 646 840 709 ψυχη
858 653 913 706 μου
932 652 990 712 pro
1007 632 1091 712 tvm)
1108 653 1165 712 pro
1183 632 1365 713 1111115831).
1396 630 1479 694 Inde

199 759 384 816 verterunt:
419 753 517 814 instas
541 752 620 812 vicet
645 771 680 812 ca
695 751 762 834 fide
786 771 851 810 mea
877 751 909 812 h.
937 771 965 814 e.
992 719 1065 812 bili
1087 750 1250 830 praestito.
1304 749 1479 812 Versiones

199 872 344 954 reliquae
371 892 483 934 omnes
507 876 637 934 textum
669 867 859 932 hebraicum
884 869 1028 931 reddunt
1052 875 1198 932 nostrum
1227 867 1399 951 (Aquinz
1433 891 1481 928 και

199 994 306 1057 draucos
323 1013 351 1050 er
369 1012 459 1050 πιστει
476 1013 565 1050 αυτου
580 989 704 1066 inccrat·
722 991 866 1072 Symm.
885 994 919 1050 et
935 988 1101 1050 Theod.:
1123 1012 1138 1047 υ
1157 989 1186 1047 δε
1204 989 1311 1055 ductos·
1325 1011 1358 1065 τη
1377 1010 1481 1048 εαυτου

199 1131 287 1170 arnan
300 1109 394 1190 ζησει).
428 1110 575 1172 Paulus
592 1108 624 1170 in
641 1115 780 1190 utraque
796 1106 997 1189 allegatione
1014 1130 1072 1170 sua
1089 1106 1246 1170 versionis
1264 1107 1361 1169 Alex.
1380 1107 1480 1169 verba

200 1235 352 1293 accurate
369 1228 517 1311 sequitur
539 1227 629 1310 (quid
646 1226 733 1308 quod
749 1224 783 1288 in
798 1227 872 1288 loco
889 1233 1003 1288 nostro
1020 1227 1072 1289 vel
1089 1225 1285 1308 particulam
1304 1228 1333 1286 ds
1350 1236 1481 1308 practer

201 1354 394 1411 contextum
419 1369 514 1409 suum
536 1345 714 1427 servavitil
741 1351 775 1406 at
797 1344 917 1407 omisso
933 1344 1124 1426 pronomine
1152 1366 1222 1421 μου,
1250 1367 1313 1428 quo
1330 1345 1481 1427 apposito

200 1467 295 1528 LXX
313 1489 332 1529 a
347 1473 444 1528 textu
460 1464 613 1528 hebraico
630 1464 799 1527 recedunt.
848 1463 956 1526 Quare
977 1463 1083 1527 facere
1106 1486 1172 1526 non
1195 1463 1378 1546 potuimuS,
1404 1464 1482 1546 quin

201 1585 419 1668 allegationes
444 1585 518 1648 illas
543 1584 584 1646 ad
609 1590 740 1647 textum
762 1583 951 1646 hebraicum
974 1583 1171 1646 accedentes
1196 1583 1388 1648 diceremus.
1436 1586 1483 1646 At

200 1705 334 1788 reliquis
351 1705 459 1768 verbis
476 1703 598 1788 optime
616 1703 899 1767 consentientibus
916 1703 1048 1766 minime
1065 1703 1266 1781 dubitamuS,
1285 1703 1362 1786 quin
1373 1725 1482 1766 emen-

201 1825 291 1888 datio
308 1825 366 1887 illa
382 1824 450 1887 sine
467 1824 568 1907 ipsius
586 1831 697 1886 textus
715 1823 860 1887 hebraici
875 1831 1028 1906 respectu
1044 1823 1133 1886 facta
1149 1823 1204 1886 sit.
1236 1822 1381 1886 Primum
1398 1823 1482 1886 enim

202 1945 372 2026 apostolus
389 1967 445 2020 μου
466 1944 589 2006 addens
606 1966 672 2006 non
688 1942 750 2004 nisi
765 1943 930 2006 levissime
947 1944 1121 2005 verborum
1143 1942 1342 2005 sententiam
1359 1949 1483 2004 mutas-

202 2071 265 2141 set,
283 2063 400 2126 deinde
415 2102 446 2112 —
463 2062 575 2144 quidni
592 2062 691 2125 etiam
708 2063 861 2124 hocloco
878 2063 977 2125 Paul
988 2087 1029 2124 us
1046 2062 1194 2125 versione
1211 2061 1258 2124 ita
1274 2067 1406 2144 poterat
1421 2061 1481 2139 uti,

202 2191 240 2246 ut
256 2183 453 2246 vocabulum
470 2205 570 2244 unum
587 2182 626 2244 ad
644 2187 875 2264 argumentum
896 2182 998 2264 ipsius
1020 2181 1127 2244 minus
1150 2182 1312 2265 quadrans
1330 2181 1483 2244 eiiceret?

202 2303 277 2366 Huc
299 2302 444 2380 accedit,
472 2302 559 2384 quod
582 2301 678 2364 huius
702 2301 767 2364 loci
785 2308 917 2364 nonest
938 2279 1118 2384 exponere,
1142 2301 1265 2384 aliquid
1288 2300 1484 2364 discriminis

203 2422 362 2486 interesse
379 2421 464 2485 inter
480 2422 570 2485 vocis
588 2433 689 2488 nult&
705 2422 875 2484 notionem
891 2444 928 2484 ac
945 2422 1042 2484 fidem
1061 2421 1259 2500 salvificam,
1287 2444 1384 2504 quam
1407 2443 1484 2504 apo·

204 2543 310 2606 stolus
327 2542 443 2605 salutis
460 2542 709 2605 fundamentum
734 2541 831 2617 dicit;
858 2563 874 2604 e
898 2541 1016 2624 quibus
1039 2548 1127 2605 certe
1150 2543 1213 2604 hoc
1229 2547 1381 2624 apparet,
1407 2563 1484 2622 apo-

204 2664 328 2725 stolum
344 2670 420 2725 ante
437 2662 546 2725 omnia
561 2661 696 2725 notione
718 2684 851 2734 πιστεως,
871 2683 968 2745 quam
984 2661 1089 2724 versio
1108 2662 1204 2724 Alex.
1223 2662 1419 2744 praebebat,
1444 2659 1485 2722 ad

204 2781 270 2844 loci
285 2780 374 2843 illius
390 2782 623 2865 allegationem
641 2782 820 2845 adductum
836 2781 949 2845 fuisse.

597 3004 628 3087 n)
646 3004 720 3067 eu.
739 3008 769 3081 3,
789 3008 826 3068 n
845 3004 887 3066 of.
907 3004 993 3068 uas.
1013 3009 1042 3082 a,
1060 3011 1091 3068 r.

290 3177 414 3239 Eadem
431 3177 531 3239 verba
548 3176 679 3259 (omissa
695 3175 858 3259 particula
880 3174 1004 3248 &alsine
1026 3177 1094 3239 ulla
1117 3175 1296 3240 lectionum
1313 3175 1484 3253 varietate,

204 3295 267 3358 nisi
284 3297 371 3379 quod
387 3295 533 3362 litliFG
549 3297 592 3360 al.
610 3295 830 3379 praemittunt
847 3319 1003 3375 yoypamm
1021 3319 1084 3375 γαρ.

708 3553 830 3607 Ιιοοιιε
855 3501 983 3606 nm.

590 3687 685 3748 Rom.
704 3690 733 3764 9,
755 3690 790 3751 17
815 3687 857 3750 cf.
876 3687 982 3749 Exod.
1000 3690 1030 3764 9,
1049 3690 1100 3750 16.

1379 3859 1385 3878 Ι

292 3869 397 3952 Λέγει
417 3858 525 3960 γάρὴ
553 3858 673 3962 γραφὴ
705 3868 749 3959 uqi
771 3860 912 3960 Φαραώ
937 3859 994 3936 ὅτι
1017 3870 1066 3952 εἰς
1090 3860 1179 3935 αὐτό
1200 3869 1306 3936 rorico
1326 3864 1486 3962 ἐξηγειρά

207 4025 258 4085 σε,
283 3994 380 4086 ὅπως
401 4002 608 4092 ἐνδείξωμαι
632 4006 670 4071 ἐν
694 4001 751 4071 σοὶ
773 3999 839 4098 τὴν
863 3996 1017 4094 δύναμίν
1034 4029 1106 4094 μου
1126 4003 1186 4074 καὶ
1205 3997 1303 4088 ὅπως
1322 4003 1485 4106 διαγγελῇ

207 4134 247 4207 τό
267 4132 383 4229 ὄνομά
401 4163 472 4228 μου
492 4143 530 4206 ἐν
547 4133 649 4242 πάσῃ
668 4139 710 4242 tp
734 4143 788 4242 γῇ.

294 4389 319 4452 1)
339 4391 554 4456 Hieronymus
574 4392 607 4441 ad
622 4395 672 4440 loc.
689 4393 757 4441 Hab.
773 4397 796 4450 2,
809 4397 826 4441 4
839 4393 939 4442 diserte
954 4399 1079 4452 testatur,
1099 4409 1146 4442 sno
1164 4398 1284 4457 tempore
1301 4393 1330 4440 in
1349 4392 1487 4441 codicibus

207 4478 311 4540 aliquot
329 4477 431 4540 graecis
450 4481 478 4526 ct
497 4477 629 4527 hebraicis
649 4480 749 4527 lectum
767 4479 851 4528 fuisse
870 4485 999 4531 *mimz
