3376 5200
832 297 873 360 98

297 499 496 583 Apostolum
512 502 694 584 prophetae
710 502 811 564 verba
830 500 878 564 ita
894 461 1096 584 allegantem
1112 489 1270 565 versionis
1288 502 1385 564 Alex.
1404 507 1492 564 certe

211 641 388 682 memorem
404 618 516 697 fuisse,
534 619 673 702 primum
691 627 822 684 retenta
836 620 999 704 particula
1015 643 1057 681 οτι
1073 621 1172 684 docet
1187 621 1294 704 (LXX
1313 643 1356 682 on
1369 616 1492 698 lelna).

210 738 338 802 Deinde
357 761 385 799 ev
401 741 516 818 χειλεσιν
534 761 603 817 περ.
623 738 781 802 scribenti
791 717 955 803 'versionis
972 739 1030 803 illa
1045 743 1091 801 dra
1102 742 1230 818 γλωσσης
1243 762 1343 819 erepat·
1356 741 1397 804 ob
1415 763 1492 804 oou·

209 859 260 922 los
277 857 430 922 videntur
445 865 576 921 versata
592 879 674 924 esse.
707 858 857 942 Denique
874 859 1015 923 formula
1030 861 1146 937 λαλησω
1162 861 1382 920 valannonus
1399 881 1492 942 prae·

209 983 261 1040 ter
277 984 440 1042 mutatam
455 1000 628 1062 personam
650 979 747 1061 plane
770 1000 844 1042 oum
866 978 961 1042 LXX
983 978 1060 1042 viris
1084 979 1249 1042 convenit.
1296 980 1336 1042 In
1357 978 1492 1062 reliquls

210 1105 322 1160 autem
338 1097 500 1175 omnibus,
519 1097 665 1180 exceptis
681 1098 790 1161 verbis
805 1098 985 1181 prioribuS,
1009 1097 1115 1181 magis
1132 1098 1231 1162 etiam
1249 1122 1346 1182 quam
1361 1098 1457 1161 LXX
1474 1121 1492 1160 a

209 1224 306 1280 textu
322 1216 476 1280 hebraico
492 1216 633 1295 recedit,
651 1215 724 1280 voci
740 1227 817 1285 'lz'tff
833 1217 971 1300 primam
986 1240 1160 1301 personam
1176 1217 1398 1296 substituens,
1423 1220 1493 1296 leyen

210 1358 305 1414 κυριος
329 1358 346 1399 e
368 1335 434 1398 suis
456 1336 597 1414 addens,
623 1338 724 1400 verba
740 1344 887 1400 extrema
902 1343 992 1400 recte
1009 1361 1028 1400 a
1042 1337 1140 1402 LXX
1155 1337 1233 1401 viris
1249 1338 1379 1401 reddita
1395 1338 1492 1400 liber-

210 1456 290 1518 rime
313 1462 462 1531 mutans3
487 1455 629 1538 primum
651 1455 737 1518 enim
760 1453 820 1517 ουδ’
842 1479 932 1524 ουτως
952 1460 1047 1539 (quae
1069 1459 1169 1521 verba
1191 1456 1331 1520 maxime
1353 1457 1394 1520 ad
1416 1455 1491 1518 illu-

210 1575 379 1637 strandam
405 1574 547 1658 apostoli
572 1575 769 1638 sententiam
795 1575 932 1659 faciunt)
958 1576 1079 1640 iterum
1103 1599 1120 1639 e
1145 1576 1212 1640 suis
1237 1575 1346 1653 addit,
1373 1575 1491 1639 deinde

210 1693 387 1777 praeterito
404 1706 493 1762 mv
509 1708 592 1761 Aba&
609 1694 783 1757 substituit
801 1717 942 1756 εισακουσ.
960 1719 1024 1772 μου.
1069 1696 1224 1759 Habebat
1240 1695 1343 1773 enirn,
1362 1717 1420 1756 our
1435 1695 1491 1757 ad-

211 1813 316 1876 hibito
340 1820 489 1896 tempore
514 1789 626 1876 futuro
657 1813 803 1898 typicam
833 1814 922 1876 illius
952 1815 1018 1878 loci
1048 1815 1352 1898 interpretationem
1386 1813 1491 1896 magis

210 1950 308 2014 etiam
325 1957 500 2033 premeret.

295 2071 414 2132 Restat
430 2076 468 2131 ut
484 2069 524 2132 de
540 2070 648 2132 verbis
670 2068 850 2152 prioribus,
878 2091 960 2152 quae
981 2069 1122 2134 maxime
1143 2070 1177 2133 in
1194 2092 1327 2133 censum
1343 2068 1489 2146 veniunt,

210 2188 395 2252 accuratius
412 2188 512 2252 etiam
529 2210 734 2272 quaeramus.
781 2189 930 2252 Quorum
951 2189 1101 2254 versione
1118 2191 1215 2254 Alex.
1240 2189 1409 2272 apostolus
1432 2209 1490 2270 pro

210 2307 420 2391 allegationis
445 2329 522 2370 suae
549 2307 613 2370 fine
638 2307 688 2370 uti
712 2331 778 2371 non
802 2315 951 2391 poterat;
985 2331 1052 2372 non
1077 2310 1116 2372 de
1141 2309 1337 2398 irridentium
1368 2305 1490 2388 linguis

209 2450 315 2490 sermo
333 2433 413 2504 erat,
432 2427 490 2490 sed
507 2427 546 2490 de
563 2428 812 2501 balbutientibus,
833 2429 954 2491 obscure
970 2429 1172 2512 loquentibus.
1219 2428 1337 2510 Itaque
1354 2426 1491 2490 eandem

209 2548 377 2611 notionem
400 2545 539 2628 (inverso
562 2545 657 2609 simul
687 2547 845 2612 versionis
867 2549 964 2610 Alex.
989 2547 1113 2629 ordine)
1136 2545 1186 2609 bis
1202 2547 1338 2610 reddere
1355 2545 1486 2608 maluit:

210 2691 238 2728 ev
256 2668 472 2746 erspoylomoors
490 2688 539 2724 και
556 2689 584 2726 εν
599 2669 666 2746 pal.
684 2689 799 2746 crepon,
818 2667 869 2730 bis
886 2666 984 2728 simul
1005 2688 1064 2748 pro
1081 2672 1358 2748 argumentosuo
1381 2664 1488 2747 plura·

210 2787 276 2849 lem
291 2806 461 2849 numerum
478 2783 695 2862 substituens,
713 2793 751 2847 ut
767 2807 879 2848 vocem
896 2787 1022 2864 γλωσσαι
1041 2785 1096 2868 (ef.
1109 2809 1139 2848 v.
1153 2787 1204 2868 22)
1222 2783 1327 2866 magis
1343 2789 1488 2866 urgeret.

211 2908 285 2969 Jam
296 2927 369 2968 oum
379 2904 479 2966 verbo
496 2898 550 2970 295
561 2903 689 2986 proprie
700 2904 791 2968 notio
803 2905 993 2968 balbrltiendz'
1003 2904 1083 2967 insit
1093 2904 1357 2982 (navereltnclllcl
1368 2905 1489 2981 reden),

210 3028 272 3089 hac
294 3029 447 3106 exparte
469 3023 591 3085 Paulus
613 3023 746 3106 propius
768 3024 897 3088 accedit
919 3025 960 3088 ad
981 3025 1081 3088 verba
1103 3023 1273 3102 hebraica,
1301 3045 1398 3106 quam
1420 3043 1490 3084 ver-

210 3144 311 3208 sionis
333 3145 431 3207 Alex.
454 3143 528 3206 illa:
553 3145 599 3204 ὄια
617 3145 753 3222 paulum.
765 3146 885 3223 χειλεων.
920 3144 1058 3207 Minime
1075 3150 1185 3206 autem
1201 3142 1307 3221 video,
1326 3141 1490 3225 quomodo

211 3266 363 3348 Meyer,
381 3262 597 3341 Wieseler,
617 3263 740 3326 Bleek
755 3265 777 3346 1)
801 3285 841 3326 ex
857 3265 919 3326 hac
935 3263 1109 3326 verborum
1132 3262 1316 3326 mutatione
1339 3260 1489 3344 apostolo

211 3383 375 3467 propriam
396 3390 509 3446 textus
532 3382 677 3446 hebraici
698 3382 882 3446 versionem
902 3381 1062 3446 tribuant.
1111 3381 1253 3446 Primum
1277 3381 1363 3446 enim
1386 3381 1490 3442 baldre-

211 3504 309 3566 te'endz‘
324 3502 415 3565 notio
432 3501 617 3566 accuratius
633 3470 800 3565 reddenda
816 3510 902 3580 erat,
922 3524 1035 3585 quam:
1062 3524 1091 3561 εν
1106 3502 1222 3581 palam
1240 3524 1355 3581 saepen,
1373 3498 1491 3562 deinde

211 3621 421 3685 manifestum
439 3628 500 3700 est,
518 3621 706 3706 apostolum
722 3620 801 3703 ipsis
817 3620 913 3684 LXX
935 3621 1074 3684 virorum
1099 3621 1207 3684 verbis
1229 3623 1274 3680 δια
1293 3621 1419 3700 plotone
1437 3640 1491 3677 ers-

211 3763 280 3821 ρας,
305 3762 387 3824 quae
407 3740 510 3804 libere
534 3739 643 3803 reddit
667 3763 696 3799 en
713 3741 942 3819 empoylnooocc.
974 3740 1154 3804 adductum
1179 3738 1296 3816 fuisse,
1328 3744 1366 3800 ut
1392 3735 1491 3799 etiam

211 3859 374 3944 prioribus
399 3851 465 3938 (δια
488 3861 624 3937 onolton.
644 3847 731 3938 χει-λ.)
763 3857 958 3941 simpliciter
987 3859 1206 3922 substitueret
1238 3880 1266 3917 en
1292 3858 1409 3936 χειλεσιν
1437 3877 1491 3915 ere·

211 4003 276 4058 ρων.
331 3977 478 4061 Denique
509 3977 637 4060 utrique
663 3977 823 4041 formulae
848 3977 1018 4042 notionem
1042 3978 1179 4041 eandem
1204 3977 1325 4040 obscure
1350 3973 1492 4060 loquendi

212 4097 345 4174 tribuit,
378 4118 450 4159 eum
483 4103 571 4160 certe
597 4098 696 4160 verba
720 4108 815 4164 nante
839 4094 935 4184 pleb:
965 4103 1077 4180 aperte
1107 4095 1314 4180 peregrinam
1344 4095 1491 4176 linguam

211 4216 400 4300 respiciant.
929 4205 935 4212 ’

300 4460 326 4522 1)
345 4457 490 4521 Einleitunq
502 4474 554 4506 zum
575 4455 620 4506 Br.
634 4473 666 4505 an
679 4457 719 4506 die
731 4457 809 4508 Iletr.
829 4477 855 4526 p.
869 4462 929 4511 352.
