3376 5200
747 302 917 396 A.

188 527 261 567 rum
277 508 387 566 aetate
410 502 573 566 disserens
595 502 635 565 de
651 501 786 585 psalmis
808 523 849 564 ne
871 503 1007 565 verbum
1023 502 1154 584 quidem
1170 502 1277 566 facere
1294 526 1392 566 ausus
1409 509 1470 566 cst.

189 623 264 686 Huc
280 621 425 699 aceedit,
450 621 537 704 quod
552 621 671 704 reliqui
685 621 767 699 loci,
794 621 828 685 in
844 621 962 704 quibus
978 645 1042 686 vox
1057 617 1113 708 bip
1128 645 1148 685 a
1162 622 1256 685 LXX
1272 621 1349 686 viris
1365 622 1473 687 reddi·

188 750 254 822 tur,
272 740 457 806 sententiae
479 740 530 803 illi
548 741 681 805 minime
704 740 829 806 favent.
869 743 967 806 Teste
988 740 1177 806 Fuerstio
1200 744 1371 826 (coccordd.
1388 743 1470 806 hebr.

189 863 249 926 sub
266 886 298 926 v.
316 855 381 947 bip)
406 854 460 948 bip
484 883 601 944 graece
626 861 775 925 redditur
799 861 832 925 in
856 861 1005 925 versione
1021 863 1202 926 Alexandr.
1226 862 1334 926 verbis
1359 884 1473 942 „occa

188 984 261 1059 ωδη,
279 1004 421 1062 κηρυγμα,
440 983 533 1061 loyce,
551 984 684 1060 eccolq“,
708 1005 870 1066 nusquam
885 988 1078 1062 „qdoyyoc“.
1120 982 1275 1046 Ceterum
1295 983 1379 1046 bene
1401 1005 1471 1045 mo·

189 1109 246 1164 net
262 1101 463 1185 Hupfeld,
487 1101 665 1165 lectionem
680 1096 759 1188 nbtp
774 1102 846 1186 jam
862 1110 997 1186 propter
1012 1102 1210 1187 antecedens
1226 1101 1314 1165 idem
1328 1103 1472 1166 vocabu·

188 1222 258 1284 lum
274 1220 329 1304 (cf.
347 1222 446 1285 finem
462 1243 576 1285 versus
593 1221 712 1306 quarti)
735 1222 842 1286 minus
865 1245 935 1286 esse
952 1221 1168 1305 probabilem.
1208 1223 1471 1306 Symmachus

105 1316 108 1321 ⁵
189 1363 277 1404 more
294 1343 382 1425 suo¹)
399 1341 504 1425 magis
521 1343 696 1406 verborum
712 1365 842 1420 nexum,
864 1366 960 1425 quam
976 1341 1140 1426 propriam
1156 1342 1326 1406 notionem
1342 1365 1472 1406 curasse

189 1460 285 1523 nobis
309 1460 455 1540 videtur,
487 1461 550 1526 nisi
574 1461 660 1526 forte
686 1461 886 1527 difficultate
911 1461 977 1527 loci
1002 1469 1186 1526 commotus
1208 1463 1303 1526 LXX
1328 1461 1471 1526 virorum

190 1580 423 1644 auctoritatem
447 1589 579 1672 secutus
605 1589 667 1646 est.
689 1622 721 1630 -
747 1581 843 1646 LXX
868 1583 1004 1666 interpr.
1030 1582 1133 1666 igitur
1156 1581 1219 1666 ipsi
1243 1605 1309 1646 non
1334 1582 1471 1646 vertisse

189 1701 248 1764 sed
263 1701 444 1784 explicasse
461 1724 576 1766 vocem
591 1702 684 1766 illam
700 1703 863 1767 videntur.
903 1703 996 1766 Quae
1019 1703 1196 1786 explicatio
1219 1725 1294 1766 oum
1310 1701 1472 1786 ejusmodi

188 1820 248 1899 sit,
275 1828 313 1884 ut
336 1821 483 1904 inprimis
508 1830 643 1906 propter
667 1823 867 1906 respondens
892 1823 1091 1887 vocabulum
1115 1818 1224 1892 nubta
1246 1822 1369 1907 optime
1394 1821 1472 1886 ferri
1574 1835 1576 1842 ’

188 1940 304 2023 possit,
323 1941 559 2025 allegationem
574 1951 720 2007 nostram
737 1942 776 2006 iis
793 1943 954 2007 ascribere
976 1966 1041 2007 non
1058 1943 1291 2022 dubitavimus,
1319 1942 1375 2026 qui
1389 1942 1470 2005 utri·

190 2082 252 2142 que
274 2060 382 2123 textui
403 2062 484 2126 satis
507 2063 719 2146 respondent.
759 2063 833 2126 Huc
852 2063 997 2141 accedit,
1022 2064 1110 2146 quod
1125 2062 1200 2126 inde
1224 2087 1242 2126 a
1265 2065 1346 2147 Syro
1369 2062 1470 2126 inter-

187 2186 281 2262 prete
302 2182 540 2263 (flammatio
563 2185 703 2266 eorom“)
725 2206 790 2246 non
813 2183 989 2246 defuerunt
996 2233 1005 2261 ,
1033 2182 1088 2266 qui
1109 2195 1169 2268 ΕἹΡ
1185 2205 1201 2247 e
1218 2183 1384 2246 sententia
1399 2205 1470 2246 ver-

188 2299 288 2363 sionis
311 2301 492 2365 Alexandr.
518 2301 746 2386 acoipiendum
771 2324 842 2366 esse
874 2311 1058 2366 censerent.
1111 2304 1167 2366 Ita
1198 2305 1468 2385 Schoettgen,

188 2419 243 2502 qui
259 2420 300 2484 ad
317 2421 522 2485 chaldaicam
537 2421 721 2486 versionem
737 2429 896 2506 provocat
918 2420 1050 2518 (ᾐι-ιξξξῗ
1072 2434 1149 2516 Πηις
1170 2422 1191 2486 i.
1210 2444 1238 2486 e.
1263 2423 1397 2486 eclectio
1421 2423 1469 2485 c'c-

188 2541 327 2603 lellecloc
343 2545 472 2626 eorum),
500 2520 660 2606 Gesenius
677 2542 721 2626 (in
736 2545 823 2606 thee.
843 2543 903 2607 sub
920 2567 951 2606 v.
970 2545 1033 2630 tp),
1061 2542 1116 2626 qui
1132 2542 1300 2606 notionem
1316 2543 1402 2606 cerci
1417 2543 1470 2606 vel

187 2661 328 2734 chordae,
345 2661 420 2725 inde
437 2685 527 2726 rocus
542 2664 677 2727 subesse
695 2670 825 2739 censet3
844 2664 960 2727 eodem
976 2664 1073 2726 modo
1091 2665 1136 2727 de
1149 2664 1301 2741 Wette,
1319 2663 1468 2746 Meyer,

187 2780 344 2859 Evald,
363 2781 418 2865 qui
434 2782 476 2845 ad
490 2782 634 2846 radicem
650 2795 711 2870 nup
728 2785 860 2867 (τεινω)
891 2806 1072 2866 provocans
1103 2784 1143 2846 de
1171 2782 1355 2847 intensione
1379 2781 1470 2846 vocis

188 2899 331 2984 cogitat,
358 2903 536 2980 Maurer,
564 2903 690 2980 Olsh.,
717 2902 839 2981 Hita„
867 2903 922 2986 qui
943 2910 1119 2987 utrumque
1141 2904 1339 2967 vocabulum
1361 2913 1420 2989 nt?
1436 2909 1470 2966 et

186 3015 292 3089 nubta
313 3028 471 3106 tanquam
494 3046 558 3086 una
580 3021 713 3086 notione
730 3023 887 3106 junctum
902 3023 1083 3087 arbitratur
1098 3024 1246 3107 („Fodcc
1262 3025 1315 3086 der
1331 3024 1468 3106 neom).

187 3139 256 3203 Alii
271 3141 436 3225 propriam
456 3142 626 3207 notionem
647 3165 819 3206 mensurae
843 3143 1120 3226 (,‚Mecccclcaar“)
1143 3149 1275 3238 teuent,
1298 3150 1337 3206 ut
1358 3143 1469 3225 Hup·

186 3258 272 3324 feld
297 3264 442 3346 (propter
465 3265 576 3327 locum
601 3261 739 3327 similem
763 3263 783 3326 J
786 3264 839 3326 ob.
858 3267 909 3341 38,
929 3265 975 3345 5),
992 3264 1258 3327 vel-secundum
1274 3264 1372 3326 Aben
1388 3263 1470 3351 Esra

186 3386 313 3444 vertere
338 3383 542 3447 maluerunt:
580 3385 664 3447 liceo
692 3406 792 3447 corma
826 3383 937 3468 (,‚a'lrre
965 3383 1213 3470 Scltrc‘slar’lpc“).
1261 3383 1316 3446 Ita
1339 3389 1470 3467 praeter

188 3498 373 3580 opinionem
390 3525 488 3585 supra
503 3509 652 3566 notatam
670 3505 889 3581 Surenhus,
909 3501 1078 3580 Calvin,
1097 3502 1257 3586 Coccej.
1276 3504 1318 3566 al.

272 3653 359 3716 Utut
380 3676 432 3718 res
454 3676 488 3718 se
511 3655 630 3733 habet,
657 3656 787 3719 etiamsi
808 3657 977 3720 notionem
993 3656 1084 3720 vocis
1100 3667 1135 3742 'lp
1151 3663 1321 3740 praeterea
1337 3664 1468 3720 exstan-

186 3779 256 3836 tem
279 3796 346 3838 non
369 3784 493 3839 temere
517 3775 766 3858 relinquendam
791 3799 861 3840 esse
887 3800 961 3840 cum
989 3775 1198 3860 Hupfeldo
1230 3776 1466 3856 existimamus,

187 3894 250 3955 hoc
272 3896 519 3960 concedendum
540 3895 619 3975 erit,
639 3897 711 3980 jam
727 3897 822 3960 Pauli
843 3896 1050 3980 temporibus·
1070 3897 1110 3960 de
1126 3896 1257 3980 propria
1273 3897 1364 3961 verbi
1379 3897 1469 3960 illius

187 4011 321 4078 notione
346 4016 490 4081 dubitari
513 4017 677 4101 potuisse,
705 4040 780 4081 cum
804 4016 901 4080 LXX
923 4016 985 4080 viri
1008 4015 1095 4099 iique
1121 4039 1161 4080 ex
1182 4017 1318 4080 ludaeis
1340 4017 1470 4081 oriundi

186 4156 301 4198 vocem
325 4145 361 4222 tp
385 4135 613 4220 explicandam
638 4143 821 4202 censerent.
874 4137 1084 4220 Quapropter
1113 4160 1180 4200 non
1210 4137 1379 4216 habemus,
1412 4160 1469 4202 cur

275 4394 301 4458 1)
320 4396 447 4447 Testatur
470 4399 552 4449 etiam
577 4399 700 4449 Tlreod.
723 4399 878 4450 Antioch.
904 4397 960 4463 (ap.
983 4397 1124 4448 Hodium
1142 4401 1162 4447 1.
1180 4399 1199 4447 l.
1217 4415 1245 4462 p.
1258 4398 1321 4462 588)
1340 4400 1374 4449 ad
1397 4402 1467 4462 psal·

187 4497 256 4531 mum
269 4483 316 4532 552
341 4483 514 4548 Symmachus
530 4485 601 4534 visus
618 4489 661 4535 cst
678 4487 804 4549 maj0rsm
821 4485 956 4534 claritatis
975 4483 1142 4548 (verborum)
1164 4484 1263 4534 habero
1279 4487 1420 4535 rationem.
