3376 5200
258 1631 451 1716 Priusquam
467 1633 508 1696 ad
524 1607 791 1696 dissertationem
807 1637 964 1710 nostram,
989 1652 1072 1714 quae
1089 1636 1140 1694 est
1156 1630 1196 1694 de
1212 1629 1333 1694 veteris
1348 1635 1452 1693 testa·

170 1751 273 1814 menti
294 1751 375 1815 locis
398 1775 417 1815 a
439 1752 540 1815 Paulo
562 1753 714 1836 apostolo
737 1751 908 1835 allegatis,
934 1751 1144 1829 accedamus,
1171 1773 1237 1814 non
1253 1751 1311 1814 abs
1327 1771 1361 1813 re
1378 1747 1450 1828 erit,

170 1871 300 1934 codices
316 1872 618 1954 praestantissimos
634 1894 694 1935 nec
710 1895 776 1935 non
792 1871 902 1954 signa,
928 1892 1010 1953 quac
1026 1870 1067 1934 ad
1083 1869 1336 1952 intelligendum
1353 1891 1452 1952 appa-

169 1997 278 2052 ratum
295 1991 445 2053 criticum
462 1991 601 2054 maxime
617 1991 815 2054 videbantur
830 1990 1024 2067 necessaria,
1045 1989 1079 2052 in
1095 1989 1302 2052 commodum
1318 1988 1453 2052 lectoris

170 2129 370 2171 enumerare.

170 2399 198 2479 Ι.
227 2398 381 2483 Codices
397 2395 499 2482 MSS.
520 2397 714 2482 versionis
732 2395 1027 2482 Alexandrinae
1044 2395 1267 2480 uncialibus
1286 2398 1451 2481 exarati.

170 2653 244 2720 dod.
261 2655 286 2724 Ι.
311 2654 470 2739 (Holmoe.)
494 2653 765 2718 Cottonianus
782 2677 867 2718 saec.
885 2653 953 2718 fere
969 2655 1012 2717 V.
1051 2653 1220 2738 Reliquias
1235 2612 1395 2736 geneseos
1412 2675 1452 2716 ex

340 2775 478 2838 flammis
500 2781 629 2858 ereptas
652 2797 726 2837 cum
745 2773 983 2858 supplementis
1001 2773 1129 2838 Owenii
1144 2773 1249 2837 edidit
1263 2772 1451 2836 Tischen·

341 2893 433 2958 dorf
451 2895 663 2978 (Monamoata
678 2916 767 2957 sacra
782 2893 820 2956 II
836 2917 868 2977 p.
886 2896 1058 2978 93-176).

169 3029 243 3096 (lod.
260 3030 301 3097 ll.
342 3031 469 3114 (Halm.)
497 3029 722 3094 Vaticanus
745 3033 854 3114 (quem
875 3052 935 3093 nos
956 3029 1078 3114 ubique
1094 3030 1120 3096 B
1135 3028 1392 3107 nominavimus;
1417 3054 1450 3094 v.

340 3149 425 3214 infra
445 3150 484 3214 de
506 3173 582 3214 nov.
604 3153 752 3234 testam.)
775 3171 859 3214 saec.
878 3150 946 3213 fere
962 3150 1024 3213 IV.
1070 3150 1200 3213 Desunt
1221 3171 1381 3232 geneseos
1398 3171 1451 3213 ca-

219 3346 221 3350 ,
339 3269 410 3353 pita
441 3274 559 3350 1-46,
591 3271 794 3354 psalmorum
819 3273 998 3334 loo-138.
1044 3269 1095 3332 De
1127 3268 1271 3334 editione
1302 3269 1452 3352 Angeli

339 3389 439 3452 Maii
459 3390 534 3454 vide
553 3389 648 3454 infra.

169 3524 242 3591 (lod.
259 3525 314 3592 lll.
341 3525 468 3606 (Halm.)
486 3526 793 3590 Alexandrinus
812 3549 898 3590 saec.
916 3526 984 3590 fere
995 3527 1037 3589 V.
1066 3527 1198 3589 Desunt
1215 3527 1332 3590 lSam.
1346 3529 1397 3605 12,
1413 3530 1449 3591 17

345 3681 377 3688 -
398 3646 449 3720 14,
467 3645 497 3720 9,
514 3644 717 3725 psalmorum
732 3649 784 3724 49,
803 3650 842 3709 19
864 3685 896 3693 -
918 3649 1039 3724 79,12.
1078 3646 1168 3709 Male
1190 3644 1271 3709 fecit
1286 3645 1450 3708 Holme-

255 3837 268 3856 „
340 3761 423 3825 sius
445 3761 479 3825 in
495 3783 591 3846 opere
608 3785 667 3825 suo
684 3761 892 3847 distinguens
907 3765 994 3830 inter
1014 3767 1074 3833 ΠΙ
1095 3764 1117 3828 i.
1135 3787 1163 3829 e.
1181 3764 1341 3829 lectiones
1362 3786 1450 3828 eco-

339 3882 411 3946 dice
431 3881 502 3966 ipso
524 3881 683 3966 repetitas
706 3889 740 3945 et
766 3885 943 3961 „Alex.“
970 3884 991 3948 i.
1010 3907 1039 3949 e.
1061 3885 1222 3950 lectiones
1244 3907 1284 3948 ex
1306 3884 1450 3948 editione

340 4002 482 4066 Grabii
507 4003 637 4067 allatas.
678 4003 748 4066 Nos
774 4004 1034 4068 Alexandrinum
1058 4005 1179 4089 ubique
1199 4005 1228 4072 A
1250 4004 1391 4069 diximus
1416 4012 1451 4068 et

339 4122 519 4185 secundum
535 4122 695 4186 lectiones
711 4121 745 4186 in
761 4121 906 4186 editione
921 4123 1021 4187 tertia
1036 4124 1195 4189 versionis
1208 4123 1450 4188 Alexandrinae

339 4264 357 4303 a
373 4240 620 4306 Tischendorfio
637 4248 769 4306 notatas
785 4241 1005 4306 laudavimus.

168 4377 242 4443 tod.
260 4377 304 4444 lv
321 4378 355 4444 ot
369 4377 410 4444 V.
442 4379 569 4462 (Helm.)
600 4379 870 4483 Sarravianus
892 4379 954 4462 (lV
975 4401 1063 4442 nunc
1084 4379 1241 4463 Lugduni
1261 4383 1392 4460 Batav„
1418 4383 1449 4443 V

337 4496 457 4580 partim
472 4497 627 4562 Lutetiae
649 4499 771 4582 partim
788 4498 958 4584 Petropoli
980 4503 1179 4584 asservatus)
1197 4523 1284 4565 saec.
1301 4500 1369 4564 fere
1386 4502 1447 4565 IV.

1216 4624 1233 4685 l
