3376 5200
132 769 135 774 .
221 725 251 785 2.
292 718 419 786 Tabula
442 717 585 784 locorum
611 718 665 801 qui
689 714 733 781 ad
756 714 883 782 textum
906 713 1095 780 hebraicum
1119 714 1253 801 propius
1277 712 1432 780 videntur

742 832 912 903 accedere.

653 1060 775 1114 Ῑιοοῑιι
799 1057 1000 1113 mvln.

577 1197 673 1258 Rom.
692 1198 743 1272 10,
763 1197 802 1258 15
824 1193 867 1257 cf.
885 1195 953 1257 Jes.
972 1198 1023 1272 52,
1044 1195 1072 1258 7.

274 1371 416 1462 Καθώς
434 1380 631 1471 γέγραπται
645 1368 711 1458 Ὡς
730 1367 859 1469 ὡραῖοι
880 1375 914 1442 οἱ
936 1365 1042 1458 πόδες
1061 1371 1133 1442 τῶν
1150 1365 1468 1463 εὐαγγελιζομένων

186 1507 360 1609 [εἰρήνην,
379 1517 450 1582 τῶν
467 1505 802 1601 εὐαγγελιζομένων]
824 1503 867 1578 ιὰ
886 1503 1025 1596 ἀγαθοί.

158 1712 163 1722 ,
270 1660 381 1724 Verba
402 1657 495 1722 uncis
515 1657 642 1720 inclusa
663 1656 824 1740 praebent
845 1654 1029 1722 banella
1052 1655 1094 1718 al.
1117 1654 1185 1719 fere
1206 1676 1335 1733 omnes,
1362 1676 1464 1718 versa.

183 1781 255 1843 ι’ίαλ.
277 1781 360 1861 vulp.
379 1781 464 1860 pota.
488 1801 548 1864 ιγν.
572 1784 634 1840 μιν.
655 1777 759 1840 crobb.
777 1797 892 1840 οννιειι.
909 1777 1042 1849 εἶιναι,
1067 1775 1156 1838 Eus.
1176 1774 1319 1859 Chrys.
1337 1775 1465 1838 'Pheo-

184 1900 261 1962 drt.
287 1900 465 1980 Theoph.
494 1899 582 1961 Oec.
609 1897 712 1959 Iren.
741 1895 901 1979 (interpr.)
933 1895 1040 1958 Tert.
1073 1895 1180 1959 Hier.
1208 1897 1271 1972 al.;
1305 1895 1466 1958 omittunt

185 2015 543 2084 auaemrABCalce.
558 2019 608 2080 71.
623 2014 1339 2098 109.εομ.1οιι·α.ιειι.ονν.,0111110118.
1356 2015 1464 2079 Dam.

184 2137 272 2202 Ruf.
296 2136 437 2220 Epiph.
462 2135 598 2220 (semel).
645 2133 738 2197 Quae
762 2133 893 2196 omissio
917 2133 1072 2198 facillime
1095 2156 1135 2197 ex
1157 2156 1263 2199 errore
1280 2135 1465 2199 scribarum

184 2257 341 2341 explicari
362 2262 489 2340 posset,
516 2276 655 2337 quorum
677 2251 764 2316 oculi
786 2253 826 2315 ab
849 2255 973 2333 εοαγγελ.
995 2253 1101 2336 priore
1122 2255 1163 2318 ad
1180 2255 1319 2318 alterum
1337 2257 1466 2319 aberra·

184 2379 280 2456 bant,
314 2376 378 2440 nisi
401 2383 532 2460 praeter
556 2373 703 2437 codicum
729 2372 1088 2456 praestantissimorum
1114 2372 1239 2441 &ABG
1270 2397 1465 2438 consensum

185 2497 283 2561 etiam
316 2495 542 2560 Clementis
574 2501 608 2558 et
639 2492 831 2576 Origenis
861 2491 1087 2556 testimonium
1120 2495 1279 2558 obstaret.
1334 2495 1467 2558 Docent

184 2625 295 2681 autem
316 2617 482 2680 versiones
504 2613 751 2698 antiquissimae
777 2613 884 2676 itala
909 2619 943 2675 et
963 2613 1146 2698 Syriaca,
1173 2615 1274 2678 verba
1298 2614 1356 2677 illa
1377 2621 1465 2678 certe

185 2742 326 2799 exeunte
352 2737 484 2798 saeculo
509 2735 653 2799 seeundo
678 2734 712 2797 in
737 2732 906 2798 codicibus
931 2732 1098 2796 nonnullis
1123 2734 1250 2818 graecis
1275 2733 1340 2798 iam
1365 2734 1465 2797 exsti-

184 2855 282 2934 tisse,
314 2855 400 2917 unde
424 2854 625 2937 reliquorum
655 2860 688 2916 et
712 2859 844 2938 patrum
875 2862 909 2917 et
939 2853 1089 2917 codicum
1113 2853 1213 2918 lectio
1239 2853 1336 2918 facile
1362 2854 1465 2938 expli-

186 2976 323 3058 catur¹).
346 3014 376 3022 -
399 2980 504 3051 αγαθα
524 2974 592 3036 sine
609 2973 748 3036 articulo
765 2975 926 3056 praebent
947 2971 1158 3042 ABCDEFG
1173 2978 1225 3040 47.
1245 2977 1317 3040 178.
1352 2973 1464 3058 Orig.

185 3097 276 3159 Eue.
299 3095 408 3158 Dam.
433 3097 479 3179 (at
502 3094 544 3157 cf.
562 3094 671 3177 LXX)
680 3119 689 3170 ;
715 3116 774 3156 nos
797 3092 974 3156 articulum
996 3116 1069 3157 curn
1096 3095 1196 3162 rel)ll
1218 3103 1252 3158 et
1267 3095 1402 3161 777ΚΙι
1419 3096 1462 3158 al.

185 3215 251 3279 lere
269 3213 436 3293 omnibus,
464 3215 584 3278 Clem.
604 3214 744 3300 Chrys.
763 3214 954 3277 Theodrt.
972 3214 1015 3277 al.
1033 3215 1227 3297 recepimus.

268 3352 379 3418 LXX.
422 3338 470 3427 ώς
500 3337 576 3435 cipe
607 3342 761 3412 ἐπὶτῶν
788 3335 918 3436 ὁρέων,
950 3336 998 3426 aig
1024 3337 1130 3427 πόδες
1156 3336 1466 3431 εὐαγγελιζομένου

185 3473 299 3572 ἀκοὴν
327 3471 484 3571 εἰρήνης,
514 3473 563 3560 ιός
594 3469 900 3566 εὐαγγελιζόμενος
928 3470 1056 3564 ἀγαθοί
1086 3477 1157 3546 κιλ.
1203 3487 1269 3570 (Ita
1293 3485 1377 3554 &AB
1406 3509 1466 3550 nee

184 3628 251 3669 non
266 3604 480 3688 hexaplorum
495 3603 651 3686 reliquiae
668 3611 703 3667 et
717 3604 851 3687 Vulg.)

159 3792 167 3808 .
269 3743 325 3807 lca
351 3741 447 3805 Lxx
471 3739 532 3804 viri
555 3740 699 3805 reddunt
722 3740 892 3805 hebraica:
927 3737 1021 3836 aqna
1045 3735 1114 3826 *br-,r
1138 3737 1305 3834 rippa-br
1329 3752 1467 3833 aras-rm

185 3865 242 3932 ‘nr
257 3859 424 3957 ἱλυῆῦῑζιη
433 3857 517 3953 aba}
532 3860 651 3956 2th
660 3886 668 3938 ;
686 3861 869 3925 versionem
880 3883 992 3925 eorum
1008 3862 1050 3926 ad
1059 3827 1172 3926 textus
1188 3827 1334 3928 hebraici
1349 3863 1466 3927 lectio-

184 4004 242 4045 nes
266 3981 372 4046 varias
396 3981 510 4046 referri
533 4005 600 4046 non
620 4005 733 4065 posse,
759 3981 904 4065 reliquae
925 3981 1092 4046 versiones
1112 4005 1250 4066 graecae
1272 3984 1353 4048 satis
1377 4007 1464 4048 com-

184 4103 337 4186 probant.
383 4101 525 4165 Praebet
547 4101 633 4165 enim
649 4102 802 4186 Aquil:
827 4126 852 4162 τι
870 4109 1066 4181 ωραιοιθησαν
1083 4126 1129 4164 rm
1147 4127 1183 4165 το
1206 4127 1257 4184 ορη
1278 4106 1364 4173 colec
1386 4127 1465 4183 εοαγ-

270 4309 296 4372 1)
314 4312 424 4376 Meyer
442 4310 482 4375 (in
500 4317 643 4362 comment.
657 4312 731 4361 adh.
746 4313 765 4361 l.
780 4328 806 4376 p.
820 4310 883 4374 392)
902 4313 1014 4362 maxime
1033 4314 1102 4362 hanc
1120 4313 1153 4361 ob
1173 4329 1278 4362 cansam
1291 4314 1371 4363 verba
1389 4313 1465 4362 illae

184 4397 252 4446 LXX
263 4397 326 4446 viris
339 4397 456 4461 repetita
468 4413 526 4446 esse
540 4401 630 4462 negat,
643 4398 715 4461 quod
727 4402 783 4447 tum
797 4414 844 4461 pro
858 4415 960 4464 ειρηνην
971 4399 1180 4462 exspectandum
1197 4400 1280 4450 fuerit
1298 4417 1380 4464 ακοην
1395 4417 1464 4467 αρη-

183 4500 240 4549 nm
259 4487 288 4531 at
301 4483 336 4531 cf.
351 4498 431 4546 snpra
444 4483 583 4546 Aquilae
600 4483 754 4533 lectionem.
