3376 5200
730 277 901 374 ‚ffi-

492 481 523 565 d)
540 484 636 544 Rom.
654 483 684 558 3,
703 482 827 544 15-17
846 479 888 542 ol.
906 481 974 542 Jes.
993 482 1044 555 59,
1064 481 1140 560 laq.

260 655 347 746 ὀξεῖς
366 663 401 729 οἱ
418 652 525 745 πόδες
543 653 663 729 αὐτοῖν
687 663 806 748 ἐκχέαι
830 659 933 749 αἷμα,
961 650 1167 753 σύντριμμα
1192 655 1252 724 καὶ
1278 655 1456 725 sulatum-

176 799 236 890 ριά
257 801 294 866 ἐν
314 806 392 882 ναῖς
410 791 507 881 ὁδοῖς
525 790 647 866 αὐτῶν
664 794 724 865 καὶ
742 791 827 865 ὁδον
845 788 990 888 εἰρήνης
1009 787 1074 861 οὐκ
1093 796 1263 879 ἔγνωσαν.
1294 800 1382 883 (Sine
1398 823 1456 864 no-

176 925 272 988 tabili
287 925 468 988 lectionum
483 925 669 1009 varietate.)

261 1061 371 1128 Lxx.
404 1055 439 1121 οἱ
466 1052 504 1122 δὲ
529 1044 636 1138 πόδες
660 1046 781 1122 αὐτῶν
805 1047 881 1142 [ἐπὶ
907 1048 1085 1146 πονηρίαν
1113 1044 1295 1140 τρέχουσι]
1319 1047 1458 1135 οαχινοὶ

177 1193 294 1278 ἐκχέαι
312 1189 403 1278 αἷμα
428 1185 504 1279 [καὶ
523 1190 558 1258 οἱ
575 1187 803 1279 διαλογισμοὶ
824 1181 947 1256 aitrau
965 1184 1193 1276 διαλογισμοὶ
1211 1179 1283 1254 οἱπὸ
1302 1177 1455 1280 φόνων)

177 1319 298 1422 σύνορ.
321 1325 383 1396 καὶ
406 1324 551 1394 soloin.
581 1326 619 1392 ἐν
648 1331 727 1408 ταῖς
755 1317 852 1409 ὁδοῖς
878 1317 998 1392 αὐτῶν
1024 1321 1085 1391 καὶ
1114 1316 1200 1391 ὁδὸν
1222 1313 1365 1417 εἰρήνης
1394 1316 1457 1390 οὐκ

177 1461 297 1530 οἴδασι
316 1461 375 1539 (al.
396 1460 571 1546 ἔγνωσαν)
592 1456 669 1550 [καὶ
687 1453 752 1528 οὐκ
772 1464 848 1530 ἔστι
867 1459 983 1550 κρίσις
1000 1461 1038 1527 ἐν
1057 1466 1136 1543 ταῖς
1154 1452 1252 1544 ὁδοῖς
1270 1451 1418 1548 αὐτῶν).

262 1588 330 1654 VV.
346 1589 414 1656 hh.
449 1590 478 1648 δε
499 1588 660 1651 omittunt
676 1587 772 1650 codd.
789 1594 946 1670 quattuor
962 1586 1099 1649 minusc.
1118 1585 1229 1648 Holm.
1244 1587 1368 1648 -Post
1386 1609 1457 1663 αιμα

177 1707 304 1771 addunt
330 1730 455 1768 αναιτιον
480 1707 553 1770 eod.
572 1707 715 1771 Clarom.
734 1707 834 1790 (XII)
851 1707 893 1770 ad
909 1728 1025 1789 marg„
1049 1703 1090 1771 23
1113 1711 1148 1768 et
1164 1705 1259 1768 codd.
1284 1705 1458 1768 minusculi

178 1834 335 1910 quattuor
355 1827 486 1902 Holm.;
511 1826 607 1889 fluxit
631 1835 741 1891 autem
767 1849 808 1890 ex
832 1825 981 1909 hexaplis
987 1875 997 1904 ,
1024 1824 1082 1888 ubi
1105 1831 1193 1888 teste
1215 1824 1457 1888 Montefalo.

177 1969 203 2004 οι
220 1948 313 2006 λοιπον
332 1945 364 2028 (i.
384 1967 412 2008 e.
437 1945 571 2027 Aquil.
597 1948 739 2030 Symm.
762 1946 924 2027 Theod.)
950 1945 1129 2008 secundum
1154 1966 1267 2007 vocem
1293 1946 1384 2007 hebr.
1410 1958 1459 2030 *pl

178 2062 386 2126 addiderunt.
403 2102 434 2110 -
454 2064 603 2146 Denique
621 2086 749 2142 εγνωσαν
761 2088 819 2147 pro
835 2067 928 2125 οιδασι
944 2065 1104 2147 praebent
1120 2063 1235 2130 Axll
1252 2067 1301 2146 (ut
1316 2064 1457 2148 videtur)

179 2183 274 2246 codd.
292 2182 431 2245 minusc.
455 2204 514 2246 sex
528 2182 640 2245 Holm.
651 2208 660 2259 ;
683 2189 816 2266 patrum
831 2183 911 2262 loci,
930 2207 1011 2266 quos
1033 2191 1203 2266 praeterea
1221 2183 1333 2245 Holm.
1352 2187 1457 2263 affert,

178 2324 195 2365 e
225 2301 303 2365 novi
332 2309 467 2365 testam.
503 2302 702 2365 auctoritate
734 2303 890 2386 pendent.
946 2303 1065 2384 ltaque
1095 2301 1192 2364 facile
1224 2302 1295 2384 quis
1327 2307 1456 2385 dixerit,

179 2421 348 2484 Paulum
369 2423 434 2485 hoc
458 2423 532 2485 looo
549 2421 726 2486 lectionem
749 2423 871 2486 variam
898 2421 1066 2485 codicibus
1092 2421 1220 2484 duobus
1245 2428 1458 2504 praestantis·

180 2540 269 2605 simis
295 2539 335 2624 (A
355 2542 443 2625 XII)
476 2542 737 2606 commendatam
769 2549 918 2606 secutum
950 2563 1021 2605 esse
1053 2547 1168 2604 co'ntra
1195 2541 1269 2605 cod.
1295 2537 1335 2615 B,
1363 2557 1460 2620 quem

180 2662 360 2724 seeundum
375 2668 500 2725 rectam
515 2661 678 2726 Bleekii
689 2665 711 2747 1)
734 2662 1049 2726 animadversionem
1065 2661 1099 2724 in
1113 2660 1262 2745 graviore
1278 2657 1459 2723 lectionum

179 2779 339 2843 varietate
363 2781 555 2864 plerumque
581 2781 740 2865 sequitur.
786 2783 834 2846 At
859 2782 1007 2865 quaestio
1032 2788 1147 2844 nostra
1171 2780 1271 2844 etiam
1295 2779 1461 2842 difficilior

180 2897 328 2962 redditur
344 2921 397 2978 eo,
422 2900 510 2982 quod
525 2899 559 2963 in
580 2901 794 2983 hexaplorum
811 2902 958 2985 reliquiis
975 2901 1119 2965 eiusdem
1136 2899 1288 2963 lectionis
1305 2888 1459 2978 (εγνωσαν)

179 2991 322 3102 uestigia
337 3025 481 3082 exstant.
529 3020 680 3083 Adnotat
701 3021 786 3083 enim
802 3022 1042 3085 Montefale.
1062 3021 1109 3104 (Il
1125 3044 1158 3104 p.
1178 3023 1262 3102 183),
1280 3019 1459 3082 secundum

180 3139 413 3202 Curterium
444 3139 512 3224 (qui
536 3139 714 3204 lectionem
742 3140 833 3204 illam
860 3164 876 3204 e
901 3140 1124 3223 manuscripto
1150 3139 1276 3202 lesaiae
1302 3139 1459 3221 hauserit)

179 3259 212 3322 in
234 3259 383 3342 hexaplis
404 3259 554 3323 additum
581 3260 699 3324 fuisse:
730 3231 1009 3341 α11.οννεγνωσαν.
1054 3259 1213 3342 Equidem
1244 3259 1336 3321 nullo
1361 3258 1459 3320 modo

179 3378 382 3456 dubitarem,
410 3379 488 3462 quin
513 3380 633 3463 sigium
659 3383 722 3440 all.
753 3381 932 3463 legendum
957 3387 1044 3443 esset
1069 3381 1151 3439 ullor
1177 3378 1236 3462 (ita
1260 3385 1298 3440 ut
1322 3377 1457 3439 aliorum

181 3497 330 3559 codicum
354 3497 454 3560 lectio
481 3519 582 3580 eaque
614 3498 842 3580 antiquissima
872 3500 1070 3581 afferretur),
1102 3497 1165 3559 nisi
1190 3497 1253 3560 alio
1278 3497 1352 3558 loco
1379 3497 1456 3579 (Jes.

181 3620 232 3692 28,
250 3618 288 3679 11
307 3615 350 3678 of.
370 3620 386 3678 1
405 3614 480 3678 Cor.
500 3619 550 3693 m,
569 3618 620 3698 21)
638 3616 760 3698 sigium
776 3619 839 3677 all.
858 3624 969 3700 aperte
986 3615 1080 3680 Pauli
1097 3616 1348 3698 allegationem,
1372 3616 1459 3698 quod

179 3735 322 3798 suolooo
339 3735 477 3818 probare
488 3733 704 3815 studebimus,
723 3735 907 3800 denotaret.
932 3735 1057 3800 Quidni
1070 3735 1170 3799 etiam
1180 3736 1326 3800 hocloco
1338 3735 1460 3818 siglum

180 3856 242 3914 αλλ.
266 3825 374 3917 'lculi
396 3855 573 3918 lectionem
600 3854 762 3938 respicere
784 3858 917 3939 potest?
963 3858 1013 3919 Ex
1035 3856 1184 3939 hexaplis
1212 3864 1322 3919 autem
1346 3855 1457 3918 eadem

179 3971 279 4036 lectio
306 3972 337 4036 in
362 3974 492 4038 codices
513 3973 542 4040 Α
565 3981 599 4038 et
620 3975 698 4041 XII
719 3975 832 4038 inferri
853 3985 999 4059 poterat,
1030 4000 1110 4061 quos
1136 3976 1302 4039 interdum
1329 3983 1458 4038 textum

180 4093 391 4176 hexaplarem
423 4102 666 4178 repraesentare
697 4095 777 4158 satis
809 4103 952 4159 constat.
999 4099 1047 4160 At
1077 4119 1151 4159 cum
1181 4117 1276 4158 nemo
1308 4097 1371 4158 hoc
1400 4118 1458 4178 pro

181 4221 270 4276 certo
302 4213 465 4278 affirmare
495 4215 620 4298 possit,
653 4214 814 4278 eiusmodi
844 4216 1076 4280 adnotationes
1107 4217 1148 4280 ab
1180 4215 1357 4297 Origene
1388 4215 1458 4298 ipso

267 4437 293 4500 l)
318 4437 425 4486 Verruci
437 4440 506 4488 einer
517 4439 597 4488 vallat.
610 4438 717 4489 Einleit.
731 4439 757 4488 ia
769 4439 795 4488 d.
808 4438 927 4507 Brirfan
940 4439 964 4488 d.
976 4439 1064 4502 Heba,
1078 4458 1105 4505 p.
1120 4443 1169 4490 369
1183 4457 1223 4504 sq.

1196 4537 1246 4603 8*
