3376 5200
791 297 831 362 87

256 505 441 588 Utrumque
462 503 565 587 igitur
585 477 695 565 locum
718 499 825 564 minus
847 506 999 564 accurate
1015 499 1111 563 LXX
1127 499 1324 582 interpretes
1345 505 1452 564 verte·

171 631 260 690 runt.
307 634 371 690 tun
393 634 459 692 m
483 630 624 707 utroque
644 621 718 684 loco
734 619 948 684 reddiderunt
971 641 1027 692 „as
1045 617 1154 700 ωρας“.
1200 619 1324 683 Vocem
1350 614 1453 687 ’111115

171 745 237 809 1οοὶ
253 743 388 808 alterius
405 749 540 808 vertunt
562 763 618 815 „nc
636 763 684 802 roa
702 763 801 821 καιρον
818 736 947 813 τουτον“,
973 739 1060 807 unde
1077 737 1177 804 etiam
1192 761 1267 800 κατα
1286 761 1336 800 τον
1354 760 1453 817 acopos

60 906 67 916 -
172 887 273 926 τουτον
293 864 327 928 in
350 865 416 928 loc.
443 863 526 928 Gen.
552 865 602 942 18,
628 865 666 926 10
692 859 822 924 videtur
837 859 1007 924 transiisse
1017 861 1051 942 ¹).
1098 861 1273 923 Praeterea
1294 857 1452 942 inpriore

72 1043 75 1047 .
173 986 246 1049 loco
264 985 445 1048 omiserunt
461 994 554 1061 ΓΙΞΠἸ,
572 982 712 1046 fortasse
728 981 880 1064 legentes
896 991 986 1046 nitu.
1018 979 1107 1043 Quid
1123 978 1186 1042 sibi
1202 977 1367 1042 voluerint
1382 999 1453 1042 ver·

172 1111 283 1170 tentes
305 1126 344 1172 eu·
360 1126 449 1183 ωρας,
471 1101 606 1167 difficile
623 1076 679 1166 est
692 1100 795 1192 dictu.¹
842 1099 1029 1164 Secundum
1052 1098 1229 1183 scriptores
1252 1098 1451 1161 Graecorum

172 1225 327 1310 profanos
353 1223 409 1307 (ef.
437 1224 544 1286 Plnt.
571 1221 764 1285 Periel.14.
798 1219 925 1283 Arist.
952 1219 1152 1303 Thesmoph.
1177 1220 1250 1301 950)
1283 1238 1339 1288 „esc
1357 1213 1453 1296 ωρας“

173 1344 367 1428 simpliciter
392 1348 480 1407 esset
505 1364 614 1416 ,anco
632 1342 812 1424 proaimffl.
860 1339 959 1403 Quod
983 1339 1092 1403 verbis
1118 1336 1280 1403 hebraicis
1302 1346 1366 1402 ΝΠ
1389 1347 1454 1404 ΠΡ)

172 1463 302 1528 etiamsi
317 1486 384 1526 non
399 1469 551 1526 accurate
568 1461 757 1546 respondet,
776 1466 864 1525 certe
882 1483 945 1523 non
966 1457 1174 1524 contradicit.

257 1583 376 1646 Pauli
392 1583 549 1666 allegatio
567 1587 679 1666 aperte
696 1588 871 1664 utrumque
887 1581 998 1643 locum
1014 1578 1159 1663 respicit.
1195 1580 1328 1642 Summa
1344 1583 1454 1642 autem

0 1704 1 1709 ’
90 1722 94 1728 ’
172 1703 358 1788 argumenti
380 1725 454 1768 eum
476 1703 506 1767 ei
527 1701 636 1788 posita
657 1709 745 1766 esset
767 1701 801 1764 in
816 1700 925 1765 verbis
946 1700 1097 1777 ελευσομαι
1117 1706 1150 1762 et
1170 1720 1258 1771 eccur,
1281 1704 1318 1762 ut
1340 1719 1455 1762 secun-

172 1824 248 1888 dum
265 1825 366 1888 verba
381 1821 559 1906 praemissa
576 1824 716 1908 (enoyysl.
735 1845 751 1883 o
769 1823 827 1902 loy.
846 1824 940 1904 ουτος)
958 1819 1159 1897 ostenderet,
1183 1818 1223 1882 de
1240 1816 1455 1902 promissione

173 1943 226 2008 dei
240 1943 310 2007 illic
326 1965 508 2007 sermonem
525 1965 607 2022 esse,
625 1942 752 2026 reliqua
767 1943 867 2006 verba
882 1964 949 2007 non
966 1939 1061 2006 anxie
1078 1938 1215 2003 curavit.
1249 1939 1368 2023 Itaque
1383 1960 1455 2002 ver·

172 2062 223 2127 bis
241 2083 465 2142 succumbemus
482 2061 539 2140 ηξω
560 2061 754 2145 simpliciter
770 2061 946 2126 substituit
961 2063 1129 2138 ελευσομαις
1155 2059 1255 2124 verba
1270 2081 1308 2128 εις
1326 2079 1405 2138 epac
1422 2065 1456 2123 et

172 2205 246 2265 προς
256 2203 296 2244 ’σε
316 2190 354 2246 ut
370 2184 410 2246 ab
427 2188 621 2266 argumento
639 2204 697 2245 suo
714 2181 821 2245 alieno
837 2181 959 2245 omisit.
998 2179 1255 2245 Hemistichium
1276 2179 1418 2243 alterum
1439 2199 1455 2242 e

172 2305 246 2368 loeo
264 2304 347 2368 Gen.
367 2307 418 2381 18,
439 2305 478 2366 14
494 2302 536 2366 ad
552 2301 689 2366 verbum
704 2300 852 2364 retinuit.
893 2301 967 2365 Qua
983 2300 1017 2366 in
1031 2323 1066 2364 re
1082 2322 1160 2364 sane
1176 2301 1240 2364 hoc
1256 2299 1455 2364 monendum

174 2430 241 2502 est,
268 2423 469 2488 mutationes
491 2421 566 2486 illas
589 2445 655 2485 non
675 2420 831 2485 fortuitas
853 2443 935 2486 esse.
972 2422 1048 2484 Vox
1064 2419 1149 2486 enim
1164 2443 1223 2499 ηκω
1244 2441 1407 2504 nusquam
1421 2417 1456 2482 in

173 2542 292 2608 Pauli
317 2542 466 2627 epistolis
491 2542 616 2627 legitur
640 2542 744 2626 (locus
770 2543 866 2606 Rom.
885 2545 936 2621 ll,
955 2547 994 2607 26
1017 2563 1034 2605 e
1054 2542 1128 2604 loco
1145 2541 1212 2604 Jes.
1232 2544 1282 2618 59,
1302 2543 1341 2603 20
1366 2544 1456 2602 tran·

173 2663 315 2747 scriptus
332 2665 393 2746 est)
403 2687 412 2739 ;
438 2662 516 2746 quid
532 2662 648 2726 mirum
665 2662 783 2748 igitur,
811 2663 899 2747 quod
919 2661 1022 2726 libere
1044 2684 1174 2726 versum
1195 2660 1291 2724 illum
1307 2659 1456 2744 allegans

173 2805 289 2848 vocem
320 2784 425 2846 multo
456 2781 662 2846 usitatiorem
694 2782 880 2847 substituit.
940 2783 1018 2846 Non
1048 2781 1156 2847 minus
1186 2781 1287 2845 verba
1315 2801 1354 2848 εις
1377 2801 1457 2858 epac

175 2905 269 2986 (quae
291 2925 452 2986 nusquam
474 2901 508 2964 in
525 2899 605 2966 nov.
628 2909 707 2966 test.
731 2903 899 2988 leguntur)
922 2910 960 2968 ut
982 2902 1176 2990 atemporis
1193 2901 1244 2966 sui
1259 2899 1390 2965 dicendi
1405 2922 1455 2964 ra·

173 3021 264 3087 tione
280 3021 387 3087 aliena
403 3021 555 3088 omittere
571 3029 715 3108 poterat.

644 3284 767 3340 nocue
784 3233 989 3338 xxxvill.

581 3422 676 3484 Rom.
695 3425 725 3498 9,
744 3425 783 3484 26
807 3418 850 3483 cf.
868 3418 949 3482 Hos.
969 3423 998 3496 2,
1017 3422 1046 3482 1.

264 3597 337 3668 Καὶ
355 3602 458 3668 ἔσται
476 3600 514 3666 ἐν
533 3595 581 3690 τῷ
600 3589 699 3691 τόπῳ
718 3585 761 3665 οὗ
778 3597 913 3690 didisti]
932 3591 1056 3681 αὐτοῖς
1074 3589 1130 3666 Οὐ
1150 3588 1237 3682 λαός
1253 3619 1326 3686 μου
1343 3590 1457 3685 ὑμεῖς,

176 3740 247 3806 ἐκεῖ
262 3726 517 3832 κληθήσονται
532 3733 606 3804 υἱοὶ
622 3733 715 3803 esce
734 3731 875 3818 ζῶντος.

260 3881 328 3949 W.
344 3881 412 3948 bb.
440 3887 547 3961 ερρεθη
574 3881 668 3964 (quae
693 3878 798 3943 forma
817 3880 995 3944 secundum
1014 3878 1156 3964 optimos
1170 3885 1276 3943 testes
1297 3878 1332 3944 in
1353 3879 1456 3944 omni-

0 3997 1 4004 '
92 4101 93 4104 Ἴ
177 4002 239 4065 bus
255 4000 351 4064 Pauli
373 4000 523 4084 epistolis
546 4000 672 4065 edenda
693 4003 756 4083 est)
783 4023 857 4064 cum
879 4000 1044 4067 silenti(
1060 4000 1103 4063 al.
1131 3999 1245 4063 multis
1269 3999 1457 4084 scripsimus

262 4228 290 4292 l)
315 4229 365 4279 His
389 4229 541 4279 excluditur
564 4229 720 4278 coniectura
739 4228 982 4292 Schcettgenii
1006 4224 1106 4290 (Horae
1127 4224 1193 4273 debr.
1213 4227 1227 4276 I
1244 4243 1271 4291 p.
1286 4225 1365 4290 544),
1388 4227 1458 4276 Lxx

177 4315 248 4364 viros
270 4315 300 4364 in
324 4315 461 4365 codicibus
484 4315 539 4365 suis
557 4315 655 4380 legisse
675 4321 731 4367 nm
751 4321 818 4366 m.
855 4313 912 4363 Imo
935 4316 1076 4363 verterunt
1098 4301 1184 4363 aeret
1206 4318 1237 4362 ut
1261 4314 1360 4378 2Reg.
1380 4316 1405 4371 4,
1425 4315 1458 4363 16

179 4397 247 4463 (nin
266 4391 364 4464 ’191Ὀέ)
383 4419 438 4460 „nc
450 4419 497 4450 τον
515 4419 606 4469 carpor
622 4403 744 4450 ror·rov“.
778 4401 856 4450 Falso
877 4401 957 4450 etiam
974 4401 1083 4464 Meyer
1107 4407 1134 4448 et
1153 4399 1190 4448 de
1203 4399 1312 4449 Wette
1330 4399 1364 4449 ed
1381 4399 1458 4449 Pauli

177 4486 264 4536 locum
277 4486 418 4545 adnotent,
432 4487 513 4537 verbe
526 4505 594 4536 κατα
605 4504 651 4536 roa
662 4505 752 4554 καιρον
762 4505 785 4536 τ.
801 4488 829 4535 in
843 4487 963 4536 versione
973 4487 1048 4535 Alex.
1060 4485 1222 4548 respondere
1234 4486 1309 4535 hebr.
1319 4491 1376 4536 wll
1389 4491 1457 4536 m.
