3376 5200
839 257 879 361 ei

722 587 845 644 nocue
862 588 993 643 mv·

610 723 696 807 Eph.
713 726 744 801 4,
763 726 802 786 26
824 721 867 786 cf.
885 723 1008 787 Psalm.
1025 727 1056 801 4,
1075 728 1106 786 5.

297 897 504 998 Ὀργίζεσθε
522 895 650 995 καὶμὴ
671 893 905 993 ἁμαρτάνετε.

301 1046 369 1113 VV.
384 1045 453 1113 lili.
471 1044 748 1130 (Ftiqpostopyel.
764 1045 876 1128 inepte
895 1045 1023 1109 addunt
1040 1048 1080 1130 e)
1096 1045 1219 1109 nullius
1238 1048 1407 1111 momenti.

301 1167 402 1234 IsXX
420 1167 560 1230 eundem
574 1172 705 1228 textum
721 1166 881 1248 praebent
897 1164 966 1229 sine
982 1166 1051 1229 ulla
1066 1165 1246 1230 lectionum
1263 1167 1433 1232 varietate.

268 1275 271 1282 '
301 1287 412 1352 Hebr.
436 1295 552 1378 nappe
567 1279 622 1378 bs]
640 1295 704 1379 aar,

302 1403 457 1469 Dubitari
481 1411 610 1488 potest,
637 1427 714 1467 num
739 1403 836 1468 Lxx
858 1403 919 1467 viri
941 1404 1095 1469 hebraica
1119 1411 1209 1468 recte
1234 1405 1406 1469 verterint.
1452 1419 1501 1475 τλῆ

214 1524 303 1616 enim
329 1523 458 1608 proprie
488 1532 539 1586 est
567 1531 691 1586 tremere
718 1523 772 1607 (ei.
795 1521 921 1586 radices
948 1531 1108 1607 cognatas
1139 1519 1201 1592 titt
1224 1532 1258 1588 et
1279 1523 1371 1608 itti).
1417 1526 1500 1589 Inde

217 1643 416 1726 Hupfeld:
448 1643 552 1706 zittert
577 1645 641 1706 read
664 1643 805 1723 eiiedipel
829 1643 931 1716 nicht,
962 1645 996 1705 h.
1022 1665 1049 1704 e.
1079 1644 1211 1707 tremite
1243 1651 1395 1708 verentes
1420 1645 1501 1708 iram

219 1762 286 1838 aa
312 1761 464 1826 simneer
485 1762 641 1841 swale,
660 1743 798 1840 onn,
822 1762 989 1845 Kampe.
1037 1761 1103 1825 eea
1122 1761 1192 1846 ipse
1216 1763 1399 1847 nupsere
1425 1786 1500 1828 con·

219 1881 318 1960 cedit,
335 1893 384 1950 ur
399 1905 465 1945 non
481 1883 587 1945 solum
604 1881 644 1945 de
661 1882 782 1944 affeetu
796 1880 936 1960 timoris,
954 1881 1013 1944 sed
1029 1881 1129 1944 etiam
1144 1881 1210 1946 irae
1228 1882 1387 1966 usurpari.
1418 1883 1500 1947 Inde

218 2000 380 2084 Hitzig:
408 2002 539 2082 psallet,
571 2001 642 2064 aber
668 2001 800 2086 vassalli
826 2002 899 2063 eccle
926 2001 1029 2074 cicli,
1056 2001 1144 2084 quod
1167 2011 1217 2070 nr
1241 2002 1310 2066 sine
1335 2013 1411 2070 '¹:272
1436 2026 1502 2067 non

218 2121 306 2185 idem
329 2121 439 2185 valeat
464 2121 553 2205 quod
577 2130 658 2187 t'tt'tn
685 2119 744 2204 (ita
767 2119 990 2204 targumista).
1036 2121 1141 2184 Nullo
1168 2122 1265 2185 modo
1287 2121 1364 2186 ferri
1388 2130 1501 2206 potest

218 2241 364 2306 Dathii
385 2241 491 2305 versio
509 2245 618 2325 (quam
635 2240 735 2304 etiam
751 2240 1005 2324 Hengstenb.
1024 2240 1200 2325 sequitur):
1227 2243 1323 2305 colite
1342 2242 1499 2304 irascendo

213 2384 362 2445 peceare;
395 2367 467 2424 tum
488 2361 574 2442 enim
598 2360 785 2444 negationis
810 2359 973 2443 particula
996 2360 1047 2424 bis
1075 2360 1262 2424 adhibenda
1290 2367 1369 2423 erat.
1417 2361 1500 2424 Inde

219 2488 366 2566 apparet,
384 2481 480 2544 LXX
495 2481 639 2545 virorum
654 2481 848 2546 versionem·
859 2479 949 2543 vocis
966 2480 1138 2544 hebraicae
1154 2492 1203 2549 nr
1219 2481 1352 2544 notione
1369 2480 1501 2544 minime

220 2601 363 2666 excludi.
393 2602 544 2665 Paulus
561 2599 868 2683 interpretationem
884 2599 980 2663 LXX
995 2599 1140 2663 virorum
1156 2600 1350 2684 simpliciter
1365 2600 1500 2684 recepit,

220 2725 308 2786 hunc
328 2693 363 2786 in
384 2721 517 2786 modum
541 2743 611 2785 eam
632 2719 814 2804 accipiens:
837 2719 1004 2782 irascentes
1023 2721 1120 2783 colite
1137 2722 1308 2805 peecare.¹)
1334 2723 1501 2784 Summam

220 2841 407 2926 argumenti
443 2841 531 2925 apud
558 2840 696 2904 Paulum
733 2838 767 2902 in
801 2838 995 2922 imperativo
1027 2841 1131 2904 altero
1161 2840 1305 2924 positam
1336 2861 1406 2904 esse
1437 2840 1502 2904 iam

220 2963 377 3045 Bengel
398 2967 513 3024 monet
537 2965 671 3044 (,‚saepe
695 2958 745 3024 vis
767 2959 856 3023 modi
872 2959 962 3024 eadit
984 2982 1082 3044 super
1101 2968 1229 3044 partem
1252 2961 1414 3024 duntaxat
1435 2983 1501 3023 ser-

221 3081 377 3165 monis“).
424 3082 579 3145 Ceterum
603 3080 734 3164 integer
756 3067 852 3143 loeus
875 3104 894 3143 a
918 3081 1021 3143 Paulo
1047 3080 1154 3143 minus
1180 3081 1345 3164 allegatur
1367 3084 1416 3163 (ut
1436 3079 1502 3142 for-

222 3203 329 3266 mulae
351 3201 518 3286 allegandi
540 3201 690 3266 defectus
713 3201 838 3283 docet),
862 3200 920 3264 sed
941 3199 1045 3264 libere
1066 3199 1172 3263 utitur
1187 3200 1358 3283 apostolus
1374 3200 1502 3282 psaltae

224 3322 331 3387 verbis
353 3323 396 3386 ad
416 3321 668 3386 conformandos
690 3319 910 3404 Ephesiorum
931 3319 1069 3384 animos.
1116 3320 1234 3403 Itaque
1260 3343 1318 3383 suo
1340 3319 1409 3384 iure
1431 3341 1502 3383 ver·

223 3443 349 3508 sionem
364 3442 418 3508 vel
433 3441 540 3506 minus
557 3448 742 3506 accuratam
760 3439 905 3523 recipere
921 3446 1063 3523 poterat.

649 3731 1076 3740 Μ

311 4049 338 4112 1)
358 4052 431 4100 Bene
450 4050 502 4099 iam
522 4049 663 4098 Isuther:
687 4051 769 4095 zr'r'rnet
790 4046 843 4106 ilar,
862 4061 889 4095 so
912 4044 1027 4109 etndipei
1050 4043 1117 4093 nieht
1142 4043 1234 4108 (aliter
1253 4060 1317 4092 sane
1336 4045 1364 4092 in
1384 4046 1506 4093 versione

225 4154 320 4202 germ:
333 4138 417 4183 zrirnet
428 4133 479 4182 und
488 4133 602 4198 eiindipet
614 4132 711 4197 κέρως
731 4135 758 4185 h.
773 4150 796 4184 a.
811 4135 890 4182 irasci
904 4133 1097 4196 quodammodo
1110 4133 1184 4189 lieet,
1204 4145 1314 4194 peecare
1328 4130 1506 4178 irascentibus

224 4239 279 4272 non
300 4223 375 4272 lieet.
413 4222 587 4272 Recentioree
605 4223 662 4271 iere
680 4236 771 4270 omnes
792 4218 874 4283 (inpr.
898 4219 936 4268 de
955 4219 1084 4275 Wette,
1106 4217 1229 4282 Meyer,
1250 4216 1372 4273 Winer,
1397 4211 1505 4262 Gramm.

225 4327 251 4373 p.
265 4307 328 4371 438)
342 4309 371 4357 in
389 4307 480 4358 eedem
499 4311 575 4356 stant
593 4308 738 4363 sententie,
757 4307 829 4355 varie
846 4306 913 4354 varii
926 4320 1033 4354 sonsum
1045 4307 1192 4351 mutantes.
1230 4300 1271 4350 Cf.
1286 4302 1411 4364 inprimis
1424 4301 1507 4366 Zyro

226 4391 312 4456 (stud.
329 4409 354 4440 a.
373 4391 492 4441 Kn'ir'leen
512 4395 577 4442 1841
599 4409 626 4455 p.
641 4390 713 4454 681),
736 4392 782 4455 qui
803 4392 869 4440 iram
891 4391 924 4440 ab
947 4391 1118 4454 apostolo-
1138 4404 1171 4437 ne
1194 4387 1279 4437 dicem
1301 4388 1457 4450 permissam
1479 4390 1507 4436 at

225 4481 341 4544 positam
355 4479 461 4543 quidem
475 4479 626 4528 accuratius
639 4479 722 4527 refert
735 4477 769 4526 ad
781 4477 892 4525 iniuriae
906 4477 938 4525 ab
952 4475 1013 4525 aliis
1027 4476 1129 4524 illatas.
