3376 5200
840 258 855 320 7

207 461 240 524 in
257 461 453 544 cognatione
470 468 504 524 et
519 461 638 524 mirum
654 459 794 524 maxime
811 466 845 522 et
860 458 1090 542 gravissimum
1107 462 1169 523 hoc
1185 482 1266 538 esse,
1289 461 1376 543 quod
1392 485 1487 523 suum

206 583 344 664 uterque
366 587 496 644 textum
517 586 643 644 teneat.
683 581 791 643 (luam
815 579 1047 662 cognationem
1068 579 1345 643 Tisohendcrl‘
1363 579 1410 642 ita
1432 603 1487 644 ex-

207 699 320 783 plicat,
338 707 376 762 ut
393 699 540 763 codicem
555 706 730 784 utrumque
748 723 788 762 ex
804 699 917 763 eodem
934 705 1048 762 textus
1070 701 1285 764 fundamento
1308 701 1366 762 sed
1386 699 1487 763 inter-

206 819 323 903 positis
349 819 544 902 quibusdam
569 819 810 903 exemplaribus
836 818 967 883 lluxisse
989 819 1088 882 dicat.
1134 819 1219 882 Hinc
1240 819 1335 882 nobis
1356 819 1487 903 quidem

206 961 398 1023 persuasum
421 946 487 1017 est,
516 939 663 1003 codicum
687 939 771 1006 &AB
794 961 989 1002 consensum
1012 939 1078 1002 l'erc
1101 961 1228 1021 semper
1248 945 1379 1002 textum
1395 961 1486 1022 prac-

206 1061 283 1122 bere
304 1058 455 1122 omnibus
475 1059 742 1141 praeferendum
768 1059 806 1120 iis
827 1066 938 1121 autem
959 1057 991 1120 in
1012 1059 1111 1136 locis,
1139 1059 1195 1122 ubi
1218 1059 1347 1122 codices
1368 1075 1389 1124 a
1407 1059 1488 1125 etri

205 1179 364 1242 recedunt
385 1202 404 1242 a
425 1179 498 1242 cod.
522 1180 569 1262 B,
593 1179 692 1261 hujus
715 1177 892 1242 lectionem
908 1177 980 1264 illis
1001 1179 1264 1261 posthabendam
1283 1201 1364 1242 esse.
1404 1179 1487 1241 Tum

206 1298 292 1363 enim
308 1321 346 1362 ec
363 1297 566 1375 adducimur,
585 1303 623 1359 ut
638 1297 815 1361 lectionem
832 1297 1000 1361 codicibus
1017 1298 1126 1364 aetii
1145 1299 1354 1381 reprobatam
1370 1305 1486 1380 postea

207 1419 337 1481 demum
354 1440 394 1481 ex
410 1415 589 1500 exemplari
606 1417 747 1500 quodam
762 1417 958 1500 interposito
981 1418 1013 1481 in
1035 1417 1182 1482 codicem
1200 1417 1398 1481 Vaticanum
1414 1417 1486 1481 illa·

205 1545 275 1601 tam
292 1557 494 1600 censeamus,
533 1535 664 1600 Dixerit
679 1536 820 1600 fortasse
838 1537 1014 1621 quispiam:
1042 1537 1154 1621 quidni
1171 1537 1270 1600 etiam
1288 1539 1360 1600 cod.
1378 1553 1400 1604 t<
1416 1536 1486 1601 vioe

206 1679 299 1720 versa
316 1679 356 1720 ex
372 1657 613 1740 exemplaribus
630 1655 834 1740 interpositis
851 1659 1044 1721 emendatus
1066 1635 1131 1720 dici
1147 1665 1274 1740 potest,
1301 1657 1487 1741 ubicunque

206 1777 276 1860 ejus
304 1776 404 1840 lectio
431 1775 581 1840 codicum
606 1776 635 1843 A
660 1785 694 1840 et
718 1777 748 1843 B
774 1799 935 1841 consensu
960 1779 1174 1861 reprobatur?
1224 1778 1297 1841 Hoc
1321 1777 1488 1840 interdurn

205 1898 330 1959 factum
356 1919 427 1960 esse
453 1896 584 1960 minime
610 1919 769 1980 negamus
777 1923 785 1974 3
811 1904 846 1961 at
871 1900 956 1962 hauc
982 1899 1022 1961 ob
1049 1920 1181 1962 causam
1206 1921 1303 1980 supra
1324 1899 1421 1982 hujus
1441 1897 1488 1960 rei
1561 1920 1563 1924 ’

206 2014 405 2078 mentionem
422 2038 489 2078 nou
504 2015 689 2094 habuimus,
708 2018 796 2099 quod
813 2024 901 2080 certe
918 2017 952 2080 in
966 2017 1116 2100 graviore
1132 2016 1312 2080 lectionum
1330 2015 1489 2080 varietate
1534 2013 1537 2018 ’

207 2133 336 2198 codices
352 2135 383 2201 Α
399 2140 434 2198 et
448 2136 478 2201 B
494 2157 624 2218 perraro
642 2143 757 2198 contra
773 2137 846 2199 cod.
864 2149 886 2202 rt
904 2135 1127 2200 consentiunt.

291 2253 454 2319 Hebraica
479 2256 560 2318 haec
586 2261 678 2318 sunt:
714 2249 755 2320 8⁸¹³
777 2252 948 2346 nas-ata
969 2276 978 2323 ε
1002 2266 1099 2346 Πῐξτῇἱ]
1125 2269 1196 2348 Ἷῆοξ
1220 2253 1379 2350 atla-ua?
1404 2253 1489 2350 *palat

206 2371 256 2466 Ῑῇξ
278 2369 311 2440 'lb
331 2385 410 2462 ᾏἹΓΙὛ
431 2371 519 2467 aba}
559 2373 688 2438 Quibus
715 2374 838 2458 optime
865 2376 1043 2458 respondet
1068 2375 1173 2438 versio
1200 2377 1397 2454 Alexandr,
1426 2377 1490 2439 nisi

207 2494 294 2577 quod
310 2493 554 2578 notionesillae
571 2494 765 2558 collectivae
786 2507 853 2562 *ilva
869 2503 903 2558 ct
919 2509 989 2561 tto:
1008 2517 1142 2558 numero
1159 2495 1278 2578 plurali
1293 2497 1486 2560 redduntur.

206 2616 381 2677 Praeterea
397 2636 511 2678 vocem
527 2621 700 2698 utramque
717 2627 816 2682 flattu
834 2622 868 2678 et
883 2625 933 2700 tta
949 2614 1042 2677 LXX
1058 2613 1120 2678 viri
1135 2617 1249 2679 eodem
1267 2616 1366 2679 verbo
1384 2619 1487 2699 (αμαρ-

134 2725 136 2728 ’
206 2738 264 2816 πα)
280 2735 533 2798 transtulerunt.
574 2734 673 2798 Quod
694 2735 782 2798 haud
805 2741 928 2798 temere
951 2736 1077 2799 lactum
1093 2758 1164 2799 csse
1181 2759 1222 2798 ex
1237 2759 1298 2798 usu
1314 2736 1488 2799 verborum

206 2853 338 2916 illorum
354 2855 480 2917 alterno
502 2854 676 2936 Hupfcld
699 2856 892 2938 comprobat
914 2856 1160 2938 (DiePaclacea,
1178 2857 1262 2939 Hp.
1283 2859 1353 2938 173)
1374 2863 1488 2918 contra

207 2973 355 3058 spinosas
371 2973 597 3039 Rabbinorum
614 2973 855 3038 distinctiones.

752 3233 874 3289 Iaocus
892 3235 943 3289 ΙΙ.

606 3371 702 3434 Rom.
720 3375 751 3448 4,
771 3375 810 3436 18
828 3369 871 3434 cf.
890 3369 973 3432 Gen.
994 3375 1042 3448 15,
1062 3377 1093 3434 5.

295 3549 358 3632 Εἰς
376 3543 416 3616 cd
436 3551 608 3633 γενέσθαι
627 3542 740 3616 αὐτὸν
758 3553 898 3642 πατέρα
917 3547 1059 3616 πολλῶν
1077 3548 1199 3618 ἐθνῶν
1219 3544 1312 3616 κατά
1340 3543 1377 3616 td
1397 3554 1488 3644 sipp-

206 3689 316 3776 μένον
338 3676 468 3768 Οὕτως
487 3687 590 3754 ἔσται
609 3681 649 3753 τό
668 3687 812 3779 σπέρμα
831 3706 909 3754 ooo.

291 3831 363 3897 W.
380 3830 448 3896 LL.
467 3829 589 3894 nullae.

291 3966 402 4033 LXX.
434 3968 529 4032 Idem
550 3974 675 4032 textus.
716 3967 798 4031 Cod.
821 3968 872 4034 vl
894 3968 1006 4032 Holm.
1031 3970 1167 4052 praebet
1191 3991 1271 4030 εστω.
1317 3973 1489 4034 Praeterea

208 4087 298 4151 solus
324 4088 397 4151 cod.
421 4092 462 4152 44
490 4111 539 4148 και
556 4110 656 4156 ουτως.
690 4089 782 4152 Illud
800 4111 872 4150 εστω
888 4088 1063 4154 manifesto
1081 4113 1097 4154 e
1115 4098 1301 4157 correctura
1316 4091 1458 4175 irrepsit.

294 4207 386 4272 Quae
403 4209 499 4292 plane
515 4210 716 4292 respondent
734 4209 840 4273 verbis
858 4209 1018 4274 hebraicis
1038 4223 1116 4302 :5371
1132 4221 1213 4304 Πζζῑῗ
1230 4207 1284 4276 rsa.
