3376 5200
743 290 913 383 je„

190 490 277 554 effici
297 497 331 554 et
351 497 509 573 tanquam
532 488 606 572 cogi
627 489 757 572 possint
779 490 966 574 (Meyer),
993 491 1051 554 sed
1072 491 1114 554 ab
1136 492 1287 573 apostolo
1303 492 1470 556 adduntur

190 634 225 672 en·
249 616 361 673 cratera
387 609 586 691 oppositorum
614 609 817 693 (Bengel).
869 609 1064 674 Quaestioni
1088 617 1197 674 autem
1224 611 1403 676 multifarie
1428 613 1468 676 ab

189 728 425 812 interpretibus
435 735 585 808 vexatae,
604 729 767 812 quomodo
785 730 934 792 Paulus
950 751 1110 814 geneseos
1126 730 1227 794 verba
1243 731 1338 794 esuis
1349 754 1469 814 augere

189 847 345 932 potuerit,
370 848 536 932 allegandi
559 848 699 913 formult
720 850 780 911 lux
800 847 950 912 insertur.
998 850 1170 933 Nusquam
1194 849 1277 913 enim
1301 857 1470 935 praeterea

189 969 359 1051 apostolus
377 968 520 1032 locume
543 968 704 1052 scriptura
726 967 904 1051 repetitum
926 968 973 1032 ita
994 970 1105 1032 affert:
1131 993 1179 1030 και
1197 991 1288 1038 ουτως
1306 991 1470 1050 γεγραπται.

190 1087 265 1150 Qua
285 1087 426 1150 formula
449 1087 519 1170 ipse
542 1079 605 1150 hoc
627 1087 769 1151 indicare
795 1087 889 1151 nobis
916 1088 1061 1167 videtur,
1088 1112 1153 1152 non
1177 1095 1363 1154 accuratam
1389 1091 1469 1154 alle·

189 1206 374 1290 gationem,
407 1207 464 1270 sed
496 1206 633 1271 liberam
657 1207 723 1271 loci
749 1207 1001 1290 explicationem
1029 1211 1154 1292 (tlt'l’u)
1180 1208 1243 1272 sibi
1267 1209 1468 1292 propositam

189 1325 301 1390 fuisse.
344 1327 438 1390 Hanc
455 1327 539 1390 enim
558 1327 717 1390 formulae
733 1327 783 1390 illi
799 1328 966 1392 notionem
983 1327 1192 1392 tribuendam
1209 1350 1280 1392 esse
1296 1335 1467 1413 putamus:

189 1447 351 1507 secundem
372 1447 451 1507 tene
466 1447 646 1509 sententiam
669 1447 760 1510 elium
781 1453 857 1526 (aar)
874 1448 1042 1510 indicanda
1064 1455 1148 1523 sunl,
1169 1471 1246 1534 quae
1262 1451 1346 1531 apud
1361 1450 1470 1513 Mosen

190 1564 370 1627 dolomense
386 1565 538 1628 creatione
554 1567 777 1647 tepenteretc.
823 1567 930 1630 Nobis
953 1574 1063 1631 autem
1082 1567 1216 1633 maximi
1232 1568 1391 1632 momenti
1407 1571 1470 1633 hoe

190 1689 257 1761 est,
288 1684 375 1766 quod
406 1684 505 1748 etiam
531 1685 664 1750 liberior
686 1689 767 1751 haee
789 1687 970 1772 scripturae
993 1687 1170 1772 explicatio
1191 1711 1257 1752 non
1279 1688 1469 1753 adtentum
1528 1677 1530 1682 ¹

189 1803 282 1867 hebr.
300 1803 358 1868 sed
374 1805 416 1869 ad
432 1805 589 1869 versionis
606 1807 703 1871 Alex.
723 1809 822 1872 verba
837 1807 1009 1872 referenda
1025 1815 1087 1872 est.

684 2102 805 2156 Locus
823 2102 984 2157 mlv.

555 2237 665 2300 tOor.
684 2242 713 2314 6,
733 2239 771 2299 16
795 2236 836 2299 cf.
855 2235 964 2299 Levit.
984 2241 1034 2314 26,
1054 2241 1104 2301 12.

270 2409 391 2505 Ἡμεῖς
409 2410 476 2508 peip
498 2410 583 2501 ναὸς
601 2415 692 2486 θεοῦ
711 2419 819 2506 ἐσμὲν
839 2415 969 2502 ζῶντος
982 2425 1040 2508 (ita
1056 2448 1131 2488 cum
1147 2425 1262 2493 &RDL
1278 2427 1321 2490 al.
1340 2426 1471 2510 scripsi·

190 2567 261 2606 mus
279 2551 393 2608 contra
409 2543 586 2607 lectionem
602 2553 784 2627 receptam:
812 2566 887 2622 υμεις
905 2567 959 2624 γαρ
977 2550 1135 2612 errorores
1153 2568 1232 2615 aera·
1256 2545 1299 2610 cf.
1317 2547 1471 2631 Meyeri

189 2680 302 2737 notam
326 2671 400 2735 crit.
424 2672 465 2734 ad
488 2674 520 2735 h.
540 2673 562 2736 l.
580 2673 613 2736 in
630 2696 748 2735 comm.
766 2697 799 2756 p.
820 2679 875 2738 lul
897 2681 930 2737 et
949 2679 1007 2737 156
1025 2675 1086 2737 sub
1103 2673 1151 2758 f.),
1181 2668 1309 2759 καθώς
1332 2675 1427 2743 εἶπεν
1452 2669 1470 2744 ὁ

189 2804 278 2893 θεὸς
310 2803 366 2876 ὅτι
403 2802 577 2902 ἑνοικήσω
609 2815 646 2877 ἐν
676 2806 800 2896 αὐτοῖς
837 2813 894 2880 καὶ
929 2804 1203 2908 ἐνπεριπατήσω
1242 2811 1303 2880 καὶ
1340 2815 1473 2902 ἔσομαι

190 2939 310 3014 αὐτῶν
325 2946 414 3029 θεὸς
432 2944 492 3014 καὶ
511 2939 615 3014 αὐτοὶ
634 2948 781 3016 enuere?
796 2972 868 3037 μου
885 2949 1003 3039 (μοιβ)
1022 2942 1119 3035 λαός.

273 3091 341 3157 VV.
358 3091 446 3157 llll..
469 3113 525 3168 μου
550 3091 739 3175 scripsimus
765 3116 839 3156 curn
863 3093 943 3161 &BG
961 3097 1011 3159 17.
1031 3097 1082 3160 37.
1129 3096 1220 3158 llus.
1244 3095 1317 3177 (bis)
1343 3095 1469 3172 Dam.;

189 3219 303 3274 contra
318 3235 366 3289 por
382 3213 540 3294 praebent
556 3212 739 3280 DEFGKL
756 3215 799 3276 el.
824 3214 891 3278 fere
908 3237 1037 3292 omnes,
1064 3237 1166 3278 verss.
1184 3222 1223 3278 ut
1238 3216 1326 3278 vdtr.
1344 3237 1468 3294 omnes,

188 3332 311 3395 Clem.
330 3331 440 3415 Orig.
459 3334 603 3396 Athen.
625 3333 765 3416 llpiph.
785 3335 874 3417 Cyr.
892 3335 1049 3398 Hieros,
1067 3335 1259 3397 Theodrt.
1278 3335 1469 3417 -Utraque

189 3451 288 3514 lectio
313 3451 451 3513 testium
476 3452 753 3532 praestantiorum
775 3453 974 3516 auctoritate
1000 3454 1264 3531 commendatur,
1291 3460 1430 3537 utraque
1453 3477 1470 3518 e

187 3569 282 3631 LXX
299 3568 375 3631 viris
392 3567 487 3631 illata
502 3590 573 3632 esse
589 3577 702 3653 potest
718 3572 804 3654 (vide
820 3571 932 3654 infra);
958 3579 992 3635 at
1015 3582 1052 3634 ut
1069 3572 1219 3636 codicum
1235 3571 1315 3640 &BG
1332 3595 1469 3637 consen·

188 3711 261 3751 sum
278 3687 468 3752 omittamus
486 3689 570 3771 (cod.
589 3689 618 3756 Α
635 3691 786 3753 hocloco
804 3713 938 3766 mancus
954 3695 1028 3774 est),
1045 3713 1093 3769 μοι
1112 3689 1218 3755 facile
1230 3693 1271 3756 ad
1291 3692 1468 3757 lectionem

188 3806 407 3872 difficiliorem
429 3811 506 3892 (μου)
523 3810 751 3873 removendam
769 3810 909 3894 irrepere
925 3816 1067 3894 poterat.

272 3945 381 4012 LXX.
418 3937 474 4006 neri
495 3932 774 4034 ἐμπεριπαῑήσω
795 3930 832 4007 ἐν
848 3933 935 4030 ὑμῖν
953 3937 1012 4007 καὶ
1032 3943 1162 4030 ἔσομαι
1180 3933 1284 4030 ὑμῶν
1302 3936 1390 4026 θεὸς
1409 3941 1470 4011 καὶ

186 4067 287 4162 ὑμεῖς
305 4077 439 4144 ἔσεσθέ
453 4098 525 4165 μου
544 4076 607 4163 (erl.
630 4085 714 4147 Heln.
731 4078 810 4166 μοι)
827 4069 924 4161 λαός.

272 4219 339 4286 VV.
355 4219 423 4286 LL.
466 4243 522 4298 μου
542 4222 702 4304 praebent
719 4221 856 4287 codun
873 4230 907 4286 et
921 4223 951 4288 B
963 4221 1107 4305 (Vatic.
1125 4221 1268 4286 testibus
1286 4222 1414 4286 Holm.
1435 4232 1469 4287 et

187 4339 346 4422 Angelo
364 4339 493 4422 Maio).
534 4340 650 4404 Lectio
668 4364 728 4418 μοι,
749 4364 846 4424 qnam
865 4342 965 4405 etiem
982 4342 1059 4405 novi
1080 4349 1158 4406 test.
1179 4342 1308 4406 codices
1325 4345 1468 4426 permul-

186 4466 240 4522 tos
256 4458 347 4542 sequi
364 4482 462 4542 supra
476 4459 629 4539 vidimus,
647 4461 680 4524 in
697 4460 840 4526 editione
857 4463 952 4525 Rom.
971 4469 1092 4526 exstat.
1124 4466 1172 4526 At
1188 4484 1262 4526 cum
1278 4461 1467 4528 Holmesius
