3376 5200
790 302 959 396 „.--⁸.⁶„„

232 528 335 570 verss.
353 527 467 569 armen.
480 527 584 586 ycorff.
601 507 719 568 slavos.
751 503 857 567 Hier.
876 504 978 568 semel
995 510 1168 588 utramque
1183 504 1362 568 lectionem
1378 504 1515 588 praebet

232 624 706 710 (111111αό11ειοοπβισὸὲιπν).
754 623 836 687 Cod.
861 638 884 690 ll
907 630 996 686 certe
1018 624 1060 687 ad
1076 625 1256 708 marginem
1280 624 1426 706 (secund.
1449 621 1514 685 'Ii-

233 743 395 807 schend.
422 765 480 827 per
501 766 633 807 manum
650 743 703 826 0¹³)
729 743 832 808 habet
851 742 997 822 εξομολυγ.
1021 782 1047 790 -
1068 742 1175 806 lidam
1189 766 1248 826 pro
1266 766 1316 804 τον
1333 749 1405 804 θεον
1422 763 1514 825 prae·

236 863 316 926 bent
334 885 374 923 cu
392 869 464 924 θεω.
490 901 523 910 -
550 861 643 925 Quae
665 862 803 926 testium
827 862 912 926 ratio
938 884 976 925 ea
1000 869 1052 924 est
1077 861 1282 944 (praesertim
1311 884 1386 925 cum
1410 862 1515 925 codex

232 982 310 1048 XII
332 981 433 1046 etiam
454 981 535 1046 alias
555 982 588 1045 in
609 982 760 1066 graviore
781 981 963 1045 lectionum
985 981 1145 1045 varietate
1162 1003 1236 1044 cnm
1254 982 1326 1045 cod.
1345 980 1372 1047 Δ
1389 980 1513 1064 faciat),

233 1109 271 1165 ut
296 1124 371 1165 cum
395 1101 562 1166 nonnullis
588 1102 628 1166 de
654 1101 883 1166 emendatione
908 1101 1030 1165 codicis
1055 1100 1084 1166 Α
1109 1123 1126 1164 e
1151 1123 1236 1166 novo
1261 1107 1342 1164 test.
1369 1100 1515 1184 cogitare

232 1221 351 1305 possis.
403 1222 469 1284 Sed
494 1243 568 1284 oum
593 1221 694 1284 etiam
718 1221 751 1284 in
775 1221 910 1304 reliquis
936 1221 1055 1285 Pauli
1083 1220 1341 1304 allegationibus
1366 1221 1516 1304 exempla

233 1340 415 1405 lectionum
440 1348 573 1404 exstent
598 1343 811 1405 vehementer
835 1365 854 1404 a
879 1341 992 1405 codice
1017 1341 1047 1406 B
1072 1339 1312 1418 recedentium,
1343 1362 1425 1423 quae
1450 1363 1515 1402 non

233 1461 340 1524 solum
357 1460 507 1524 codicum
523 1460 639 1527 AXII
655 1461 829 1524 sedetiam
846 1461 968 1524 codicis
984 1475 1007 1527 ll
1029 1467 1064 1523 et
1086 1460 1300 1542 hexaplorum
1317 1458 1515 1524 auctoritate

234 1580 506 1644 commendantur
521 1580 577 1664 (of.
590 1582 686 1644 Rom.
698 1585 729 1658 3,
745 1583 793 1644 17.
812 1583 907 1658 9,17.
926 1585 956 1658 9,
970 1587 1021 1644 26.
1037 1585 1086 1658 ll,
1099 1585 1151 1642 31.
1165 1583 1216 1658 15,
1230 1583 1281 1643 11.
1301 1582 1316 1644 1
1331 1579 1405 1641 Cor.
1420 1585 1449 1656 2,
1464 1583 1513 1643 16.

234 1699 343 1764 acor.
360 1704 390 1778 6,
412 1703 461 1765 17.
480 1704 510 1779 9,
530 1703 570 1783 7),
595 1699 739 1764 dubitari
759 1723 826 1763 non
846 1700 979 1783 poterit,
1004 1699 1082 1782 quin
1103 1699 1204 1762 etiam
1227 1699 1379 1762 hocloco
1399 1698 1516 1761 Pauli

234 1819 391 1903 allegatio
403 1820 444 1884 ad
459 1827 590 1883 textum
606 1819 765 1884 versionis
776 1821 875 1883 Alex.
888 1844 907 1882 a
923 1819 1074 1907 codiceB
1091 1818 1256 1882 diversum
1272 1818 1444 1882 referenda
1459 1817 1513 1881 sit.

318 1975 429 2042 nm.
474 1939 1329 2070 1111511111111·5111111·’1···111111

320 2129 449 2194 Quibus
473 2129 591 2194 melius
617 2130 767 2194 codicum
792 2131 868 2208 RB,
902 2153 999 2213 quam
1024 2129 1140 2196 Axll
1164 2130 1265 2194 lectio
1289 2131 1468 2213 respondet
1480 2132 1514 2214 ¹).

234 2251 390 2315 Ceterum
408 2251 509 2314 verba
527 2273 576 2311 zor
593 2257 666 2312 θεον
685 2250 725 2334 (A
734 2250 813 2316 XII
830 2275 870 2311 τω
888 2253 979 2333 door),
998 2273 1079 2333 quae
1096 2249 1192 2314 LXX
1209 2250 1353 2328 addunt,
1371 2250 1405 2314 in
1420 2257 1516 2314 textu

234 2373 326 2435 hebr.
345 2371 387 2434 ad
403 2370 575 2454 sequentia
590 2370 757 2454 pertinent
769 2372 835 2453 (bu
844 2383 914 2436 'mx
925 2365 957 2433 '³5
966 2381 1069 2437 rl'la'ffi
1078 2374 1146 2455 ⁸18).
1166 2371 1317 2434 Paulus
1333 2369 1436 2454 igitur
1451 2393 1516 2434 non

190 2501 192 2506 '
234 2491 297 2554 nisi
318 2513 355 2555 eo
378 2514 397 2555 a
418 2491 567 2555 versione
591 2491 687 2554 Alex.
706 2490 842 2568 recedit,
867 2491 954 2573 quod
969 2490 1078 2553 verbis
1100 2487 1168 2551 κατ’
1188 2513 1312 2568 sponsos
1330 2513 1424 2569 ομνυω
1440 2490 1517 2554 soli-

233 2619 301 2676 tam
324 2611 532 2675 iurisiurandi
553 2611 729 2674 formulam
753 2610 790 2682 ζω
813 2633 866 2689 εγω
893 2609 1079 2673 substituit.
1125 2609 1351 2674 Hebraeorum
1373 2610 1456 2674 illud
1478 2623 1517 2673 1η

234 2743 284 2798 1111
308 2730 429 2814 ubique
460 2755 479 2794 a
509 2729 606 2793 LXX
631 2730 708 2793 viris
739 2729 888 2793 redditur
918 2729 956 2802 ζω
979 2753 1031 2808 εγω
1039 2753 1050 2799 ‚·
1077 2729 1202 2814 legitur
1226 2738 1337 2794 autom
1362 2730 1392 2792 in
1420 2729 1517 2793 variis

234 2850 355 2914 veteris
378 2857 458 2914 test.
484 2848 578 2914 libris
605 2849 703 2912 vicies
729 2848 778 2912 bis
790 2850 830 2932 ²);
864 2849 898 2940 in
921 2849 1003 2913 locis
1029 2850 1258 2934 duodeviginti
1288 2849 1437 2914 additum
1466 2857 1518 2913 est

234 2972 270 3035 ’ἢ
294 2982 367 3048 081,
399 2971 470 3047 layca
487 2989 590 3049 κυριος.
631 2969 713 3033 Inde
737 2969 817 3032 satis
839 2978 991 3054 apparet,
1019 2971 1182 3054 quomodo
1206 2971 1377 3054 apostolus
1393 2991 1516 3033 memo·

233 3090 314 3154 riter
328 3091 524 3173 prophetam
545 3089 695 3172 allegans
717 3089 751 3152 in
771 3089 947 3178 formulam
963 3091 1062 3174 longe
1079 3089 1331 3154 usitatissimam
1352 3089 1514 3153 inciderit.

238 3250 271 3258 -
290 3208 441 3293 Denique
457 3211 608 3286 Paulus
625 3209 753 3273 omissis
769 3210 877 3274 verbis
893 3211 1176 3274 intercedentibus
1192 3234 1211 3274 a
1226 3210 1435 3273 iurisiurandi
1451 3209 1516 3272 for-

234 3330 324 3392 mula
344 3328 459 3393 statim
479 3329 520 3393 ad
541 3328 750 3394 iurisiurandi
777 3329 943 3394 obiectum
963 3331 1074 3414 pergit
1098 3335 1157 3415 (οτι
1174 3353 1235 3408 εμοι
1254 3331 1335 3412 ml).
1383 3334 1430 3392 At
1455 3331 1516 3393 sub

234 3449 333 3512 finem
356 3471 430 3512 cum
449 3449 545 3513 LXX
566 3449 643 3513 viris
663 3457 778 3514 contra
799 3457 930 3514 textum
952 3451 1045 3514 hebr.
1063 3451 1157 3514 addit
1178 3473 1219 3510 τω
1242 3456 1320 3522 dan,
1346 3457 1385 3512 ut
1407 3451 1446 3513 de
1469 3450 1516 3513 al·

234 3568 412 3653 legationis
429 3569 498 3632 eius
520 3569 627 3648 fonte,
651 3593 749 3654 aquo
766 3572 807 3635 ab
827 3569 921 3634 initio
944 3571 1128 3654 paullulum
1150 3577 1348 3648 recesserat,
1372 3569 1516 3633 dubitari

234 3711 300 3753 non
316 3689 434 3773 possit.

321 4035 348 4100 1)
368 4037 455 4086 Docet
474 4052 537 4086 rane
556 4036 704 4095 Kimchi‚
729 4039 772 4087 vol
792 4038 916 4087 hebraico
935 4039 1014 4088 verbo
1032 4044 1106 4090 93111
1123 4037 1261 4086 notionem
1280 4034 1425 4098 confitendi,
1445 4052 1518 4084 enun-

234 4121 318 4172 liandi
330 4123 475 4172 admixtam
487 4123 580 4181 fuisse,
594 4123 692 4186 quippe
706 4123 751 4187 qui
769 4129 851 4176 931111
869 4124 886 4172 J
888 4139 926 4174 es.
940 4125 981 4182 45,
995 4127 1027 4173 23
1041 4126 1080 4173 ita
1094 4124 1225 4187 explicet:
1245 4130 1307 4175 ull:
1321 4111 1395 4188 &5525
1408 4124 1427 4173 i.
1442 4139 1465 4173 o.
1479 4123 1516 4171 in·

233 4225 323 4258 vocare
335 4213 360 4256 et
367 4205 517 4272 praedicare
531 4222 616 4256 nornen
627 4207 745 4257 Jeuovae.

320 4311 348 4376 2)
368 4310 469 4362 Contra
480 4312 595 4362 formula
607 4317 714 4364 *naula
727 4318 759 4364 Ἢ
775 4317 883 4376 practer·
895 4315 983 4362 locum
996 4318 1115 4363 nostrum
1129 4328 1184 4362 non
1197 4313 1250 4362 nisi
1262 4318 1305 4363 ter
1321 4312 1401 4376 (Gen.
1416 4317 1458 4370 22,
1472 4314 1515 4362 16.

234 4398 290 4448 der.
305 4400 345 4456 22,
359 4398 384 4448 5.
404 4399 446 4457 49,
460 4397 505 4461 13)
524 4399 553 4448 in
567 4397 658 4448 codice
672 4413 745 4447 sacro
759 4399 910 4456 invenitur,
929 4399 1027 4462 ubique
1048 4405 1154 4462 praeter
1171 4401 1258 4448 locum
1277 4405 1397 4448 nostrum
1417 4415 1431 4447 a
1448 4398 1517 4446 Lxx

234 4484 298 4534 viris
311 4484 431 4535 reddita=
446 4479 499 4533 κατ’
514 4501 629 4543 rualeno
641 4499 741 4543 ωμοσα.
