3376 5200
842 298 882 358 30

716 600 838 656 Locus
856 602 1007 656 XXXII.

612 739 630 800 1
648 735 723 798 Cor.
742 741 772 815 6,
791 740 831 800 16
848 736 890 801 cf.
909 738 992 802 Gen.
1011 743 1041 816 2,
1060 743 1112 804 24.

295 903 466 983 Ἔσονται
483 906 564 1006 γάρ,
583 913 706 1012 φησίν,
726 916 760 982 οἱ
778 908 843 984 δύο
863 921 914 1001 εἰς
933 910 1051 1012 σάρκα
1067 919 1165 1010 μίαν.

305 1058 415 1125 Lxx.
449 1049 509 1120 καὶ
533 1054 681 1121 ἔσονται
707 1053 742 1119 οἱ
763 1043 828 1119 δύο
852 1051 924 1121 κτλ.
976 1062 1095 1126 Variae
1119 1063 1279 1127 lectiones
1303 1063 1338 1127 in
1361 1071 1500 1147 utroque

219 1184 317 1240 textu
340 1177 468 1241 nullae:
493 1200 547 1258 γαρ
570 1178 656 1242 enim
673 1184 706 1242 et
722 1201 805 1258 cnon
825 1181 924 1263 (quod
949 1204 1023 1244 cnm
1048 1182 1310 1252 RBCDEI'GKI.
1333 1191 1397 1248 etc.
1424 1183 1500 1247 reti-

220 1298 362 1361 nendum
380 1304 431 1361 est
448 1305 562 1361 contra
577 1297 617 1382 Α)
634 1299 720 1382 apud
737 1301 924 1383 apostolum
941 1325 1006 1365 non
1022 1303 1085 1366 nisi
1100 1304 1198 1368 nexui
1213 1303 1405 1368 inserviunt.

305 1417 469 1481 Hebraica
490 1426 567 1482 sunt
582 1431 652 1512 7122}
667 1412 755 1514 tw
776 1430 857 1514 Q.
904 1421 1038 1486 Adiecit
1054 1423 1156 1506 igitur
1177 1426 1328 1488 Paulus
1346 1448 1410 1488 una
1428 1446 1501 1488 cum

219 1537 315 1600 LXX
341 1537 418 1601 viris
450 1561 476 1598 οι
493 1540 553 1609 δυο,
574 1560 656 1621 quae
677 1539 777 1601 verba
798 1563 958 1622 nusquam
979 1543 1136 1624 leguntur
1156 1544 1190 1607 in
1212 1545 1374 1609 hebraicis
1394 1565 1501 1608 exem·

219 1657 376 1740 pleribus.
423 1657 597 1741 Leguntur
620 1664 729 1721 autem
755 1657 789 1720 in
812 1665 938 1740 pentat.
967 1660 1222 1723 Samaritano
1247 1665 1388 1743 (nutam
1413 1666 1499 1746 nin),

220 1776 307 1860 apud
329 1779 492 1860 Syrum,
508 1775 683 1855 Hieron,
709 1776 1147 1840 Pseudcionathanem.
1187 1779 1385 1862 Etargamc
1402 1780 1501 1863 (circa

220 1897 387 1959 saeculum
412 1896 481 1958 VH
506 1896 703 1979 conscripto)
736 1897 775 1959 de
799 1902 896 1958 textu
925 1895 1077 1979 primario
1108 1897 1245 1962 iudicari
1274 1922 1341 1962 non
1369 1906 1482 1982 potest
1490 1924 1499 1975 ;

219 2015 382 2080 Hieron.
401 2017 524 2098 absque
541 2015 641 2078 dubio
658 2015 776 2078 Pauli
797 2021 831 2078 et
846 2015 1051 2080 Matthaei
1071 2016 1125 2102 (cf.
1144 2021 1195 2096 19,
1214 2021 1243 2102 5)
1267 2018 1501 2082 auctoritatem
1533 2073 1545 2098 ,

220 2143 352 2199 secutus
375 2143 437 2198 est.
485 2135 634 2218 Denique
657 2135 744 2218 quod
766 2135 807 2198 ad
830 2138 972 2220 Syrum
994 2144 1028 2200 et
1045 2138 1345 2201 Samaritanum
1367 2138 1498 2215 attinet,

219 2255 306 2318 inter
322 2277 434 2319 omnes
451 2262 593 2333 constat,
611 2254 687 2318 illos
701 2254 734 2318 in
750 2255 832 2318 locis
848 2256 1021 2340 permultis
1038 2256 1145 2321 facere
1163 2280 1237 2320 cum
1256 2257 1404 2321 versione
1421 2257 1498 2319 Ale-

219 2375 387 2438 xandrina.
399 2377 421 2459 ¹)
452 2375 571 2458 Itaque
587 2373 621 2437 in
638 2397 675 2437 eo
692 2376 965 2459 acquiescendum
982 2377 1055 2454 erit,
1076 2378 1215 2439 Paulum
1231 2377 1331 2440 ctiam
1347 2377 1500 2440 hocloco

219 2495 403 2559 versionem
413 2495 524 2587 Alex,
542 2518 609 2558 non
623 2501 738 2559 textus
754 2495 900 2560 hebraici
915 2495 1093 2559 lectionem
1108 2495 1232 2559 variam
1249 2518 1320 2560 csse
1337 2503 1499 2560 secutum.

706 2754 828 2810 Iacens
846 2755 1017 2810 XXXIII.

570 2896 588 2955 2
606 2891 681 2954 Cor.
698 2896 729 2970 4,
749 2895 788 2956 13
805 2890 848 2954 cf.
866 2891 989 2954 Psalm.
1008 2895 1079 2970 116,
1099 2896 1150 2956 10.

304 3066 410 3140 Κατὰ
431 3065 471 3140 τὸ
491 3063 735 3162 γεγραμμένον
749 3063 982 3153 Ἐπίστευσα,
1002 3065 1057 3140 διὰ
1076 3063 1245 3166 ἐλάλησα.

304 3215 372 3282 VV.
388 3216 456 3284 IL.
493 3215 575 3284 RFG
596 3240 618 3296 y
637 3237 730 3278 cerac.
747 3237 808 3300 apr.
832 3221 860 3276 et
872 3217 956 3295 poth.
981 3215 1108 3278 addunt
1131 3239 1180 3276 και
1196 3223 1273 3299 post
1293 3219 1343 3277 διο.
1387 3218 1436 3279 At
1453 3239 1502 3277 και

218 3336 396 3419 repetitum
421 3336 553 3400 videtur
577 3357 617 3398 ex
641 3333 851 3398 hemistichia
876 3335 981 3398 altero
1007 3338 1067 3418 (και
1087 3357 1164 3412 ημεις
1187 3357 1366 3414 antennas,
1389 3338 1431 3397 διο
1454 3359 1503 3396 και

219 3459 384 3540 λαλουμεν).

304 3578 403 3644 LXX
433 3598 565 3659 prorsus
591 3575 730 3638 cundem
755 3581 886 3638 textum
911 3575 1070 3658 praebent
1099 3573 1167 3638 sine
1193 3575 1374 3639 lectionum
1398 3574 1501 3640 varie·

219 3703 307 3772 tate3
332 3719 409 3760 nam
431 3696 575 3758 Euseb.
596 3698 723 3778 (praep.
747 3717 865 3778 evang.
885 3719 918 3778 p.
937 3697 1022 3778 573),
1046 3694 1101 3777 qui
1123 3718 1171 3756 και
1186 3702 1263 3778 post
1281 3697 1323 3756 διο
1339 3695 1443 3774 addit,
1461 3718 1502 3759 ex

220 3816 419 3880 auctoritate
435 3815 512 3879 novi
527 3822 607 3878 test.
625 3813 711 3898 (vide
728 3837 825 3897 snpra
840 3813 1018 3878 lectionem
1035 3814 1184 3877 codicum
1201 3813 1295 3897 RFG)
1312 3816 1444 3898 pendet.

305 3936 424 3999 Verbis
446 3933 608 3999 hebraicis
634 3935 674 4002 ‘n
694 3944 780 4026 inf-n}
803 3947 835 4016 Ὁ,
858 3944 988 4028 Ὶηξηζςῃ
1008 3933 1189 3997 difficultas
1211 3935 1280 3997 ulla
1303 3933 1410 3999 inesse
1435 3959 1501 3999 non

219 4055 364 4134 videtur,
398 4055 532 4119 atinde
557 4053 676 4132 oritur,
710 4054 798 4136 quod
827 4055 928 4118 verba
963 4053 1021 4116 illa
1052 4060 1140 4116 certe
1166 4055 1345 4136 secandum
1370 4061 1500 4118 textum

289 4301 317 4363 1)
331 4299 413 4350 Teste
425 4299 627 4349 Idicbhornio
641 4295 799 4361 (Einleitunq
812 4298 838 4345 in
851 4295 897 4344 das
906 4294 938 4344 Α.
953 4293 983 4344 Τ.
997 4297 1011 4346 1
1024 4314 1051 4361 p.
1060 4297 1122 4360 453)
1136 4298 1205 4348 Lxx
1214 4300 1265 4348 viri
1276 4298 1344 4348 locis
1357 4297 1414 4346 fere
1426 4296 1501 4346 mille

222 4387 398 4436 consentiunt
414 4401 472 4435 cum
489 4387 596 4449 pentat.
615 4383 798 4444 Samaritam
822 4399 874 4448 qua
892 4384 925 4432 de
944 4398 972 4432 re
990 4384 1025 4432 cf.
1041 4384 1134 4433 etiam:
1154 4383 1339 4441 Gcsenins,
1358 4380 1387 4430 de
1399 4385 1499 4444 pentat.

221 4467 345 4518 Samarit.
357 4471 455 4536 criptae
469 4473 521 4520 etc.
535 4486 562 4534 p.
574 4471 621 4530 143
641 4469 679 4518 de
689 4469 816 4527 Wettc,
829 4466 950 4532 Einlcity.
964 4467 988 4516 in
1001 4466 1026 4518 d.
1042 4466 1073 4516 A.
1091 4466 1120 4515 Τ.
1134 4485 1161 4533 p.
1173 4469 1215 4519 65.
