3376 5200
263 1548 304 1610 In
329 1545 480 1610 omnibus
506 1546 601 1610 Pauli
626 1545 776 1630 epistolis
801 1545 867 1609 iooi
892 1545 1105 1610 inveniuntur
1135 1547 1202 1609 fere
1233 1545 1415 1630 nonaginta
1442 1569 1459 1610 e
1504 1529 1509 1540 ⁵

179 1673 289 1730 vetere
310 1672 512 1730 testamento
540 1665 689 1749 allegati.
737 1667 820 1728 Cum
848 1665 1073 1730 dissertationi
1097 1674 1229 1730 nostrae
1254 1669 1317 1730 hoo
1341 1689 1459 1750 propo·

178 1786 277 1849 situm
301 1786 360 1865 sit,
387 1793 425 1850 ut
447 1808 543 1870 quem
563 1785 597 1849 in
612 1787 745 1850 modurn
762 1787 933 1869 apostolus
949 1785 1045 1849 LXX
1068 1785 1209 1849 virorum
1227 1786 1459 1850 auctoritatem

178 1913 311 1969 secutus
328 1906 372 1968 sit
393 1906 596 1990 argumentis
620 1907 881 1990 comprobemus
904 1905 1045 1989 primum
1067 1905 1211 1970 breviter
1233 1928 1288 1969 eos
1310 1928 1458 1970 recense·

178 2025 286 2088 bimus
301 2026 410 2102 Ionos,
434 2025 468 2088 in
490 2025 608 2108 quibus
630 2027 672 2089 od
688 2027 824 2089 verbum
840 2025 935 2089 LXX
952 2025 1094 2090 virorum
1117 2032 1248 2090 textum
1270 2026 1457 2110 exscripsit.

661 2367 888 2446 Series
921 2371 973 2446 Ι.

177 2555 371 2641 Reoensns'
397 2554 566 2640 loeorurn
592 2555 660 2663 qui
687 2570 864 2640 ooonroto
890 2556 1046 2663 utrique
1069 2557 1195 2641 textui
1223 2567 1261 2641 et
1278 2555 1458 2641 hebreico

204 2757 209 2764 .
312 2701 350 2777 et
374 2717 512 2802 graeco
540 2693 734 2792 versionis
762 2692 1057 2778 Alexandrinae
1072 2693 1327 2812 respondent.

732 3054 855 3111 Imeus
871 3055 903 3110 1.

497 3191 594 3254 Rom.
612 3194 643 3269 4,
662 3194 745 3254 6-8
768 3190 811 3254 ef.
830 3191 953 3255 Psalm.
971 3194 1023 3271 32,
1043 3196 1137 3256 1-2.

263 3363 448 3464 Καθάπερ
469 3369 529 3440 καὶ
548 3368 686 3440 Δαυεὶδ
702 3368 791 3458 λέγει
819 3365 880 3438 cdv
903 3366 1138 3462 μακαρισμὸν
1165 3371 1230 3441 τοῦ
1254 3366 1458 3464 ἀνθρώπου

178 3533 205 3598 ῳ
235 3500 254 3573 ὁ
282 3499 372 3588 θεὸς
400 3503 574 3592 λογίζεται
601 3498 837 3599 δικαιοσύνην
853 3506 965 3598 χωρὶς
987 3511 1109 3598 ἔργων.
1167 3501 1378 3602 Μακάριοι,
1408 3497 1458 3576 ὠν

178 3635 376 3737 ἀφέθησαν
396 3639 436 3708 αἳ
453 3633 604 3730 ἀνομίαι
623 3640 684 3710 καὶ
703 3628 752 3708 ὦν
771 3634 1079 3736 ἐπεκαλύφθιγσαν
1103 3643 1143 3710 αἳ
1166 3637 1343 3737 ἁμαρτίαι
1362 3661 1369 3676 ·
1389 3668 1457 3734 μα-

177 3770 303 3873 κάριὸς
322 3769 414 3872 ἀνήρ
435 3765 478 3846 οὗ
498 3770 541 3845 οὐ
562 3771 613 3871 μή
633 3775 820 3872 λογίσηται
838 3769 963 3874 κύριος
982 3772 1176 3871 ἁμαρτίαν.

261 3922 333 3989 VV.
355 3920 423 3989 ΙιΙι.
471 3920 602 3985 Codicis
623 3923 652 3989 B
670 3945 784 3986 manus
806 3921 894 4006 prior
910 3945 974 3987 seo.
994 3923 1196 3988 Vercellonii
1212 3924 1311 3988 edit:
1336 3929 1457 4006 εκαλνφ-

177 4049 282 4120 θησαν.
314 4041 379 4104 sed
396 4041 535 4105 adnotat
550 4041 772 4106 Tischendorf
791 4041 836 4125 (in
858 4043 1002 4108 editione
1023 4044 1101 4107 novi
1122 4051 1201 4108 test.
1220 4045 1355 4130 Vario),
1379 4071 1452 4107 rn-

176 4185 252 4240 non,
284 4162 338 4225 vel
363 4167 452 4225 certe
476 4184 542 4224 non
572 4162 653 4225 satis
683 4161 904 4226 instauratum
934 4166 967 4227 h.
998 4186 1026 4227 e.
1053 4171 1238 4229 atramento
1270 4166 1376 4229 denuo
1408 4167 1456 4230 in·

176 4259 315 4344 duoturri
330 4303 411 4345 esse.

261 4420 291 4469 v.
314 4400 345 4470 8.
387 4403 450 4464 Pro
476 4394 509 4464 οὗ
528 4394 725 4485 praebentoi
742 4410 856 4467 textus
872 4412 1024 4488 receptus
1041 4404 1245 4469 etLaohm.
1259 4409 1366 4490 (1849)
1382 4428 1456 4469 oum
1530 4417 1531 4420 ’

176 4533 223 4585 &⁰
242 4518 274 4603 (i.
293 4542 321 4584 e.
340 4520 462 4586 oodiois
479 4537 501 4590 z<
521 4528 704 4587 correctore
722 4523 759 4607 C)
775 4523 931 4592 AODffl
947 4524 979 4609 (i.
998 4547 1026 4588 e.
1045 4525 1167 4590 oodiois
1182 4527 1212 4592 Ι)
1228 4549 1326 4590 manu
1342 4526 1453 4605 tertia,
