3376 5200
222 499 363 561 Paulum
387 499 535 562 versione
561 521 669 561 eorum
697 499 874 563 admodum
898 501 1061 583 probabili
1084 525 1178 564 usum
1200 511 1331 568 atextu
1354 505 1503 589 originali

222 619 390 684 aberrasse
410 619 621 682 affirmemus.
1391 623 1394 634 '

750 846 870 901 Iroous
888 848 973 902 xll.

577 984 607 1064 a)
632 983 726 1044 Rom.
748 985 798 1060 13,
817 983 850 1046 9¹³
868 983 910 1047 ef.
928 984 1009 1047 Lev.
1030 988 1079 1061 19,
1100 988 1149 1047 18.

300 1135 518 1236 Ἀγαπήσεις
536 1137 599 1212 ιόν
618 1143 772 1240 πλησίον
790 1169 857 1216 ooo
877 1141 925 1231 ιὸς
944 1139 1108 1217 σεαυτόν.

306 1288 454 1356 Vm.
476 1289 600 1351 Textus
616 1311 682 1354 ree.
700 1293 836 1374 praebet
855 1315 957 1352 εαντιιν
975 1315 1048 1355 eum
1059 1291 1147 1360 FGL
1158 1291 1230 1356 aliis
1247 1291 1411 1376 plerisque
1420 1317 1428 1368 3
1447 1291 1503 1356 ad-

220 1414 317 1472 notat
338 1407 576 1487 Tisohend„
601 1409 701 1473 etiam
717 1411 800 1474 loeis
816 1411 983 1494 parallelis
1007 1413 1142 1496 (Matth.
1163 1416 1213 1490 19,
1232 1417 1271 1475 19
1289 1414 1366 1494 ete.)
1382 1411 1503 1495 ubique

222 1527 351 1591 eodiees
375 1527 510 1591 secundi
530 1531 584 1592 vel
599 1529 691 1592 tertii
714 1529 836 1593 ordinis
853 1533 1009 1613 praebere
1025 1555 1140 1603 εαννον,
1159 1555 1356 1615 quamquam
1368 1553 1408 1595 ex
1418 1533 1503 1615 opti·

220 1669 348 1709 morum
364 1646 500 1710 testium
517 1649 715 1712 auctoritate
731 1671 852 1710 σιιιυιον
871 1650 1034 1713 edendum
1050 1649 1160 1714 fuerit.
1185 1650 1295 1714 Etiam
1306 1658 1418 1715 nostro
1430 1653 1502 1730 lopo

220 1788 342 1826 σιαντνν
355 1767 606 1850 praeferendum
624 1776 675 1832 est
691 1791 765 1832 eum
781 1768 927 1835 aABllli
944 1770 987 1832 al.
1005 1769 1190 1852 permultis,
1202 1772 1223 1854 ¹)

304 1888 417 1954 LXX.
455 1889 551 1952 Idem
566 1895 696 1964 textus3
725 1911 827 1948 εαντον
844 1890 1004 1972 praebent
1025 1913 1091 1954 non
1112 1889 1176 1952 nisi
1194 1895 1231 1954 10
1250 1891 1345 1954 eodd.
1363 1891 1501 1956 minuso.

220 2007 345 2086 Holm.,
365 2007 415 2070 ed.
435 2008 617 2091 Complut,
636 2008 759 2071 Aldina
776 2016 810 2072 et
826 2009 931 2072 versio
949 2010 1083 2074 Slavon.
1103 2011 1238 2092 Ostrog.

305 2127 475 2192 Versionis
490 2129 590 2192 verba
606 2151 738 2212 prorsus
754 2130 955 2212 respondent
971 2130 1150 2193 hebraicis:
1183 2127 1267 2222 reliq}
1292 2126 1374 2224 ῆξᾏξ
1390 2144 1502 2225 manre]

524 2334 556 2418 b)
580 2336 655 2398 Gal.
674 2339 703 2413 5,
723 2340 763 2400 14
783 2335 825 2399 ef.
843 2336 963 2400 iterum
979 2338 1059 2400 Lev.
1080 2342 1130 2414 19,
1150 2340 1201 2400 18.

306 2486 417 2550 Etiam
432 2489 506 2552 loeo
524 2489 599 2553 Gal.
618 2494 647 2567 5,
667 2493 707 2552 14
723 2489 886 2553 edendum
903 2497 955 2554 est
978 2506 1099 2550 σεανιυν
1124 2513 1152 2552 o.
1177 2489 1364 2566 RABCDE3
1400 2513 1503 2550 ιιιντον

219 2605 339 2670 iterum
355 2608 440 2671 male
456 2609 618 2692 praebent
632 2609 720 2678 Fet
736 2610 779 2672 al.

741 2867 862 2922 liaeus
878 2868 983 2922 xlll.

589 3003 685 3066 Rom.
704 3007 755 3080 15,
773 3007 792 3067 3
809 3003 852 3068 ef.
870 3005 992 3068 Psalm.
1012 3009 1063 3083 69,
1082 3010 1133 3071 10.

304 3175 447 3266 Kalisia
474 3185 671 3274 γέγραπται
698 3179 746 3253 Οἱ
772 3177 971 3275 ὀνειδισμοὶ
994 3184 1066 3254 enin
1090 3178 1338 3281 ὀνειδιζόντων
1361 3210 1401 3258 oa
1423 3191 1500 3258 ἐπέ-

218 3340 333 3388 πεσαν
351 3311 400 3386 ἐπ’
421 3321 494 3409 ἐμέ.

303 3465 376 3532 llll.
392 3463 460 3530 LL.
482 3463 604 3527 nullae.
630 3464 765 3547 (Textus
781 3485 865 3528 ree:
892 3486 1029 3526 rneuaoor
1040 3467 1062 3550 2)
1080 3489 1108 3530 e.
1127 3467 1199 3531 eod.
1218 3468 1245 3530 L
1262 3467 1305 3532 al.
1322 3469 1499 3554 plerisque.

109 3641 112 3644 .
219 3585 342 3648 Contra
356 3624 389 3632 -
404 3605 459 3645 σαν
476 3585 636 3668 praebent
652 3583 886 3652 &ABCDEFG
901 3589 953 3683 ee.
972 3588 1023 3650 37.
1041 3587 1097 3670 al.)

304 3793 332 3858 1)
350 3795 463 3859 Meyer
476 3791 584 3858 (Komm.
598 3812 625 3858 p.
639 3793 702 3858 479)
716 3811 774 3844 eum
787 3796 958 3846 Lachmanno
978 3799 1067 3862 legere
1084 3798 1187 3845 mavult
1199 3813 1304 3854 ιαντον,
1326 3796 1360 3846 ad
1372 3797 1501 3847 Wineri

218 3881 383 3931 sententiam
394 3895 554 3944 provocans.
591 3882 628 3930 At
640 3881 698 3944 ipse
711 3880 862 3930 Winerus
882 3877 1006 3944 (Gramm.
1019 3898 1047 3945 p.
1062 3879 1123 3944 136)
1138 3881 1276 3937 coneedit,
1294 3883 1353 3930 leco
1366 3887 1459 3932 nostro
1473 3886 1501 3931 et

217 3967 319 4016 Matth.
333 3968 375 4024 22,
388 3967 421 4015 39
433 3966 544 4015 testium
558 3967 747 4015 auctoritatem
759 3967 844 4031 magis
856 3968 946 4016 favere
960 3967 1072 4015 lectioni
1085 3981 1205 4015 σιαντον.
1239 3967 1362 4016 Affirmat
1374 3969 1500 4032 Meyer,

218 4052 363 4102 lectionem
377 4067 489 4101 oranter
501 4054 529 4101 et
542 4052 570 4101 in
583 4053 714 4101 versionis
727 4052 802 4100 Alex.
817 4057 895 4101 textu
914 4055 942 4100 et
959 4051 1030 4113 apud
1042 4052 1169 4114 profanos
1182 4051 1341 4101 Graecorum
1355 4054 1500 4116 scriptores

218 4138 452 4202 interpretationis
475 4153 554 4188 eausa
575 4138 729 4202 saepissime
754 4137 928 4186 substitutam
952 4152 1019 4186 esse.
1057 4139 1093 4186 At
1117 4153 1194 4187 nemo
1215 4154 1331 4202 unquam
1356 4138 1499 4197 dubitavit,

219 4225 284 4288 quin
296 4239 443 4288 prenomen
455 4225 554 4273 tertiae
568 4239 697 4287 personae
715 4238 763 4285 pro
783 4223 899 4272 secunda
917 4223 1072 4285 saepissime
1089 4225 1207 4287 legatur:
1227 4225 1287 4273 sani
1306 4229 1394 4273 autem
1412 4225 1500 4272 eritiei

218 4325 273 4359 non
290 4313 332 4359 est
349 4323 486 4370 quaerere,
506 4309 571 4372 quid
588 4310 716 4374 seriptum
735 4324 792 4358 esse
805 4309 936 4373 potuerit,
959 4307 1006 4356 sed
1019 4308 1083 4370 qnid
1096 4325 1127 4358 ex
1140 4311 1300 4374 optimorum
1314 4309 1434 4358 eedieurn
1447 4309 1499 4358 fide

217 4412 245 4447 re
257 4411 320 4445 vera
331 4397 460 4459 seriptum
473 4395 569 4444 fuerit.

302 4481 331 4547 2)
349 4481 419 4531 Edu.
433 4481 523 4530 lilaea.
537 4496 665 4531 annorum
680 4481 747 4530 1633
761 4485 789 4529 et
802 4481 867 4528 1641
881 4478 948 4530 adeo
968 4497 1093 4530 επιπισιν
1105 4497 1193 4530 errore
1206 4481 1443 4548 typographorum.

1673 2445 1683 2488 1
