3376 5200
268 505 380 572 Hebr.
404 513 517 597 capra
533 510 641 592 oraru
657 494 719 584 πῂ

270 642 370 705 Vides
386 641 498 723 igitur,
516 639 550 702 in
566 637 690 705 Pauli.
702 636 903 718 allegatione
923 633 1081 698 versionis
1098 635 1194 697 Alex.
1214 634 1269 698 vix
1284 635 1461 717 vestigium

183 764 288 827 ullum
319 767 464 836 exstare3
498 771 607 824 nimir
639 757 741 834 enirn,
774 779 871 840 quam
902 777 1015 818 vocem
1047 762 1184 836 uterquc
1209 775 1318 834 copone
1340 755 1460 833 reddit,

184 883 279 946 aliter
299 881 384 946 verti
403 903 470 944 non
485 885 628 962 poterat.
671 879 845 940 Praeterea
865 875 959 937 LXX
980 873 1042 938 viri
1062 868 1120 940 *nb
1140 880 1230 937 recte
1249 874 1464 938 reddiderunt

183 1003 422 1082 καταλαμβανων,
441 999 617 1063 articulum
633 1001 721 1078 (ante
738 998 857 1079 copone)
873 1018 945 1058 cum
959 1001 1056 1057 textu
1072 993 1369 1058 hebr.·omiserunt.
1396 995 1463 1056 Vo-

184 1123 300 1186 cabulo
311 1131 403 1187 tama!
415 1120 468 1203 (ad
483 1122 546 1181 hoc
563 1117 650 1181 enim
660 1115 967 1183 nnnrreferendum
985 1121 1046 1192 est,
1063 1137 1129 1177 non
1146 1114 1187 1177 ad
1203 1111 1278 1205 ψ)
1295 1113 1464 1176 notionem

183 1237 352 1320 ‚,qpovqore“
371 1239 569 1316 tribuerunt,
593 1236 673 1300 alias
697 1237 833 1299 eandem
849 1257 964 1299 vocem
980 1233 1165 1298 accuratius
1181 1233 1357 1296 reddentes
1377 1256 1464 1303 ,aaa

183 1358 298 1439 ουργια“
316 1358 371 1442 (cf.
389 1361 486 1421 Prov.
506 1362 534 1434 l,
550 1362 581 1420 4.
601 1362 629 1433 8,
649 1361 679 1417 5.
697 1356 765 1417 Jos.
784 1361 814 1433 9,
832 1357 875 1437 4).
908 1355 1030 1417 'lamen
1046 1353 1129 1416 nihil
1146 1355 1271 1430 oberat,
1291 1352 1463 1434 quominus

184 1479 353 1563 apostolus
370 1499 482 1540 eorum
497 1475 645 1540 versione
665 1481 823 1538 uteretur.
872 1475 942 1536 lmo
965 1474 1064 1537 verba
1079 1473 1138 1536 illa
1154 1497 1181 1533 sa
1198 1495 1231 1550 τη
1250 1493 1382 1551 φρονησει
1396 1495 1463 1535 mc-

183 1598 246 1661 lius
263 1597 360 1660 etiam
374 1597 572 1683 quadrarent
588 1595 629 1658 ad
644 1594 749 1658 totius
765 1593 1039 1657 locisententiam
1056 1596 1083 1676 (η
1108 1617 1162 1673 γαρ
1181 1614 1269 1671 sopra
1287 1615 1337 1652 roo
1356 1613 1464 1669 κοσμου

182 1739 284 1778 τουτου
307 1739 401 1796 propia
424 1739 506 1795 παρα
531 1739 570 1774 τω
593 1721 656 1774 eso
680 1717 779 1796 scaev),
804 1736 900 1796 quam
924 1737 952 1773 aa
968 1735 1002 1790 τη
1020 1735 1192 1792 πανουργια,
1226 1712 1344 1795 quippe
1377 1712 1464 1794 quod

182 1837 380 1900 vocabulum
396 1836 486 1899 facta
502 1834 606 1918 magis
624 1858 721 1917 quam
738 1833 885 1917 cogitata
901 1833 1065 1916 respiciat.
1113 1833 1201 1895 Quid
1223 1831 1326 1916 igitur
1347 1854 1462 1895 causae

184 1964 265 2033 erat,
284 1964 320 2017 ut
336 1959 400 2018 hoc
415 1954 624 2037 potissimum
645 1955 719 2017 loco
741 1953 925 2016 versionem
941 1954 1039 2016 Alex.
1063 1953 1284 2036 relinqueret?
1305 1992 1337 1999 —
1359 1954 1464 2034 Supra

183 2075 248 2138 iam
264 2075 404 2138 vidimus
422 2073 476 2156 (cf.
494 2074 558 2136 loc.
576 2073 680 2156 LXI),
698 2071 785 2135 idem
800 2073 834 2135 in
850 2073 1026 2156 allegando
1046 2073 1120 2135 loco
1137 2074 1212 2136 Job.
1231 2078 1283 2150 41,
1302 2075 1320 2136 3
1338 2071 1463 2135 factum

183 2217 265 2258 esse.
314 2193 475 2257 Omnibus
497 2198 608 2256 autem
629 2191 661 2255 in
684 2192 782 2270 locis,
808 2192 863 2275 qui
885 2191 925 2255 ad
945 2199 1076 2254 textum
1093 2192 1283 2255 hebraicum
1298 2191 1407 2274 aliqua
1424 2214 1464 2254 ex

182 2324 275 2400 parte
292 2314 471 2391 accedunt,
495 2313 666 2396 apostolus
683 2319 771 2374 certe
788 2312 947 2374 nonnulla
962 2311 1121 2374 versionis
1137 2313 1237 2375 verba
1253 2311 1405 2389 retinuit,
1426 2319 1464 2374 ut

182 2435 342 2499 rationem
360 2433 503 2516 aliquam
513 2432 609 2495 LXX
620 2431 764 2494 virorum
781 2431 895 2494 haberi
911 2431 1121 2494 manifestum
1138 2431 1193 2494 sit.
1219 2432 1302 2495 Inde
1320 2433 1361 2494 ad
1376 2434 1462 2495 hanc

164 2554 382 2618 sententiam
399 2553 602 2631 adducimur,
621 2555 640 2614 J
644 2551 698 2616 obi
714 2552 897 2615 versionem
909 2553 1007 2615 Alex.
1026 2551 1169 2634 apostoli
1184 2552 1388 2634 temporibus
1406 2558 1463 2615 aut

183 2673 315 2738 omnino
336 2697 403 2737 non
424 2673 592 2737 exstitisse
617 2679 675 2736 aut
700 2679 788 2736 certe
810 2672 844 2735 in
865 2671 1017 2735 manibus
1039 2671 1107 2734 eius
1128 2695 1194 2735 non
1209 2671 1322 2736 fuisse.
1369 2671 1463 2734 Prius

184 2793 357 2876 quominus
379 2799 582 2870 statuamus,
609 2793 728 2856 Philo
750 2793 921 2876 prohibet,
949 2791 1072 2886 quippe
1086 2792 1141 2875 qui
1160 2799 1248 2856 certe
1272 2815 1335 2854 uno
1357 2793 1463 2875 loco¹)

184 2913 261 2976 Jobi
277 2911 459 2976 versionem
476 2912 654 2975 Alexandr.
675 2913 810 2996 alleget.
845 2914 962 2976 Altera
978 2921 1088 2976 autern
1105 2912 1281 2990 sententia,
1300 2914 1319 2974 J
1322 2911 1376 2976 obi
1392 2934 1463 2976 ver-

183 3033 310 3096 sionem
333 3039 413 3095 tunc
438 3032 595 3115 temporis
621 3034 708 3115 apud
732 3032 996 3096 Palaestinenses
1026 3033 1060 3095 in
1084 3057 1144 3094 usu
1175 3034 1320 3096 nondum
1350 3031 1462 3111 luisse,

183 3156 396 3217 vehementer
416 3175 454 3216 eo
477 3153 739 3231 commendatur,
767 3153 854 3236 quod
877 3175 981 3236 neque
1003 3153 1090 3236 apud
1115 3155 1332 3236 losephum
1357 3176 1462 3236 neque

184 3275 271 3357 apud
299 3273 377 3336 novi
406 3279 484 3336 test.
513 3273 689 3356 scriptores
721 3279 810 3337 certa
841 3272 910 3336 eius
940 3272 1097 3356 allegatio
1134 3275 1287 3356 exstatil.
1335 3273 1465 3336 Dixerit
1493 3265 1496 3272 ¹

185 3501 228 3548 Ps.
244 3502 284 3554 14,
297 3499 325 3559 3)
340 3514 353 3546 c
367 3514 435 3546 novo
449 3502 514 3546 test.
529 3499 558 3546 iu
571 3499 677 3546 codices
689 3499 759 3546 Lxx
772 3500 885 3546 virorum
899 3499 992 3547 illatus
1007 3499 1051 3546 sit.
1080 3497 1230 3547 Deficiente
1244 3499 1315 3547 enim
1327 3499 1465 3561 allegandi

184 3585 299 3632 formula
311 3588 375 3632 ante
388 3599 412 3630 v.
424 3583 456 3630 35
471 3587 498 3631 et
510 3583 598 3631 verbis
611 3583 750 3646 utriusque
760 3584 932 3647 allegationis
943 3583 1091 3631 arctissime
1102 3583 1317 3641 cohaerentibus,
1330 3599 1421 3632 versus
1432 3585 1464 3632 35

185 3668 302 3718 eiusdem
320 3669 374 3716 loci
394 3684 454 3730 pars
468 3668 620 3725 videbatur,
642 3668 713 3716 unde
727 3671 864 3731 apostolus
878 3684 982 3718 versum
995 3672 1028 3716 34
1040 3669 1118 3716 modo
1131 3671 1272 3718 attulerat.
1309 3669 1463 3732 Transpoei-

184 3756 286 3803 tionem
305 3755 378 3802 illam
396 3753 609 3816 antiquissimam
624 3769 689 3811 esse,
707 3754 807 3811 codicis
821 3763 839 3806 a
852 3756 1000 3817 exemplum
1014 3755 1177 3818 comprobat.
1216 3753 1338 3804 Ceterum
1357 3754 1465 3803 minime

184 3841 277 3888 mirum
297 3847 346 3898 eat,
366 3840 438 3903 quod
456 3841 484 3888 in
504 3844 583 3888 tanto
602 3840 773 3903 allegationis
793 3840 918 3888 dissensu
936 3857 951 3889 a
969 3841 1092 3890 versione
1110 3842 1186 3889 Alex.
1211 3843 1301 3904 (quarn
1320 3856 1399 3890 unam
1419 3856 1463 3890 no·

185 3925 291 3986 verant)
312 3925 344 3974 de
363 3926 426 3974 Jobi
444 3927 504 3973 loco
523 3925 625 3974 scribae
645 3941 699 3974 non
718 3926 907 3990 cogitaverint.

272 4026 298 4089 1)
317 4024 357 4074 De
369 4028 489 4075 nominum
501 4028 641 4089 mutatione,
663 4029 706 4080 ed.
722 4029 845 4078 Francos.
860 4046 887 4092 p.
903 4032 969 4079 1051
982 4031 1018 4078 D:
1037 4047 1077 4086 τις
1093 4047 1153 4096 γαρ,
1170 4049 1201 4085 ως
1219 4048 1232 4078 o
1252 4030 1305 4092 Ιωβ
1321 4046 1398 4095 φησι,
1418 4047 1464 4078 κα-

184 4115 270 4179 daque
283 4129 338 4162 arro
351 4130 450 4181 panon,-
469 4115 505 4163 cf.
519 4114 580 4163 Job.
595 4117 635 4172 14,
647 4117 673 4163 4.

270 4215 298 4278 2)
320 4217 357 4265 De
370 4217 489 4280 Josepho
503 4217 564 4266 vide
576 4218 828 4277 Eiehhornium,
845 4215 990 4282 Einleitanp
1003 4217 1029 4267 ia
1041 4216 1125 4265 dard.
1138 4215 1166 4265 Τ.
1181 4218 1204 4267 Ι.
1219 4235 1245 4282 p.
1256 4220 1314 4267 161.
1341 4218 1373 4266 In
1386 4218 1464 4268 Pauli

186 4303 310 4366 epistolis
329 4303 487 4364 quaestione
504 4303 704 4352 accuratissima
721 4305 850 4353 instituta
867 4319 922 4353 non
940 4305 993 4353 nisi
1010 4321 1091 4354 unum
1110 4305 1197 4354 locum
1215 4305 1319 4362 inveni,
1342 4304 1388 4366 qui
1400 4304 1463 4352 Jobi

185 4387 333 4435 versionem
346 4387 489 4436 Alexandr.
508 4388 614 4438 videtur
630 4390 776 4452 respicere:
796 4392 831 4438 cf.
846 4390 916 4438 Phil.
932 4393 955 4446 1,
971 4392 1002 4438 19
1021 4406 1078 4438 curn
1097 4391 1158 4439 Job.
1174 4391 1269 4447 13,16.
1307 4391 1376 4436 Num
1393 4389 1464 4437 forte

185 4473 331 4535 apostolus,
345 4487 403 4520 cum
416 4475 497 4522 antea
506 4474 559 4522 alia
568 4475 690 4524 versione
701 4475 764 4523 Jobi
774 4491 836 4523 usus
850 4479 930 4532 esset,
944 4478 1088 4524 extremam
1101 4476 1242 4539 epistolam
1256 4476 1330 4523 illam
1343 4474 1463 4522 scribens
