3376 5200
773 299 943 394 *as—

303 516 414 584 Lxx.
453 508 514 577 καὶ
538 514 640 578 ἔσται
664 512 701 576 ἐν
726 509 767 610 τῇ
796 503 910 605 ἡμέρᾳ
935 509 1048 611 ἐκείνῃ
1073 502 1095 603 ἡ
1115 506 1193 600 ῥίζα
1215 507 1277 578 τοῦ
1294 503 1421 578 Ἰεσσαὶ
1440 509 1498 578 καὶ

217 625 290 696 κτλ.
317 635 454 720 (reliqua
468 637 566 719 plane
583 635 784 700 conveniunt
793 661 801 712 3
827 635 934 728 variae
951 637 1046 700 lectt.
1065 635 1188 699 nullius
1204 636 1385 719 momenti).

303 755 453 818 Paulus
475 755 578 838 igitur
600 762 751 820 accurate
774 756 957 819 versionem
977 762 1109 818 secutus
1126 762 1193 834 est,
1216 755 1278 819 nisi
1301 756 1388 838 quod
1404 757 1498 821 initio

217 897 273 946 και,
291 882 369 958 post
383 897 465 935 εσται
479 876 579 939 verba
595 899 641 947 „ea
659 898 692 952 τη
710 898 801 956 praepa
820 873 876 936 εκ.“
895 882 933 938 ut
950 876 990 939 ab
1008 881 1203 958 argumento
1221 899 1279 939 suo
1296 876 1402 940 aliena
1419 878 1498 940 omi·

217 994 272 1058 sit.
319 995 388 1078 Ipsi
409 1001 521 1058 autem
542 995 636 1057 LXX
657 1017 723 1057 non
744 994 862 1059 leviter
883 980 1041 1060 recedunt
1058 1019 1076 1058 a
1091 995 1200 1059 verbis
1217 996 1393 1060 hebraicis:
1419 1007 1499 1090 ‘W

217 1111 318 1208 sopp
335 1113 405 1197 mu
422 1107 492 1203 aba
507 1125 593 1196 mar
610 1107 662 1207 03}
678 1111 745 1196 *up
767 1111 837 1206 ruta
853 1113 911 1197 aa}
933 1111 1007 1208 opt
1030 1126 1120 1195 stria
1140 1115 1217 1195 neas,
1237 1118 1269 1178 h.
1286 1139 1314 1179 e.
1333 1122 1361 1178 α
1367 1120 1427 1201 fier
1443 1118 1498 1179 αα

217 1235 285 1308 die,
309 1235 389 1319 quod
410 1235 523 1296 attinet
545 1235 587 1296 od
597 1255 719 1314 permen
736 1235 814 1308 Ioui,
832 1235 913 1318 quod
932 1241 994 1298 stat
1015 1235 1161 1298 taccitum
1178 1235 1321 1316 populis,
1339 1243 1446 1316 pectes
1466 1237 1500 1298 td

217 1359 373 1438 quaerent.
419 1353 515 1417 LXX
531 1353 592 1416 viri
607 1363 679 1419 aar
695 1353 727 1436 (i.
746 1375 774 1417 e.
789 1376 910 1434 permen
925 1355 1052 1438 radicis)
1075 1361 1113 1418 ut
1128 1355 1196 1420 Jes.
1215 1359 1266 1433 53,
1285 1361 1303 1418 2
1320 1355 1420 1418 etiam
1435 1358 1499 1418 hoc

216 1473 289 1536 loco
316 1472 510 1556 simpliciter
534 1495 614 1537 voce
639 1471 703 1553 ριζα
730 1473 944 1537 reddiderunt
969 1474 1055 1557 (inde
1072 1473 1136 1556 ριζα
1156 1477 1264 1536 Λαοειδ
1288 1478 1393 1558 Apoc.
1418 1479 1448 1553 5,
1467 1480 1495 1538 5.

217 1597 268 1671 22,
288 1596 327 1682 16
345 1593 414 1676 ab).
448 1593 633 1656 Verborum
649 1597 761 1656 autem
776 1615 896 1656 nexum
914 1616 978 1656 non
995 1593 1075 1657 satis
1091 1601 1243 1658 accurate
1262 1593 1498 1678 perspicientes

216 1714 304 1776 hunc
321 1735 452 1776 sensum
468 1714 649 1795 prophetae
665 1711 925 1776 substituerunt:
952 1713 1010 1775 erit
1031 1713 1087 1776 a'llo
1110 1715 1160 1776 ‹u'e
1180 1715 1272 1776 radic
1294 1715 1360 1776 Ioci
1382 1721 1411 1776 et
1431 1737 1498 1777 αα-

211 1853 287 1912 peao
303 1831 392 1911 (erit)
409 1831 461 1916 qui
477 1832 647 1894 dominetur
663 1832 696 1894 ia
708 1838 814 1913 pectes
836 1872 865 1878 -
887 1833 919 1894 ia
937 1854 969 1895 eo
982 1839 1088 1912 peotes
1100 1833 1252 1918 fiduciam
1262 1841 1399 1914 ponent..
1429 1835 1497 1897 Ita·

216 1972 279 2034 que
296 1951 475 2014 secundum
491 1951 676 2016 versionem
699 1933 811 2015 eorum
831 1974 896 2015 non
919 1953 958 2016 de
980 1974 1045 2015 uno
1062 1954 1120 2016 sed
1137 1953 1177 2016 de
1194 1953 1322 2016 duobus
1339 1953 1497 2018 subiectis

217 2092 322 2135 sermo
346 2092 416 2135 esse
438 2071 579 2135 videtur.
628 2073 753 2135 Vocem
775 2085 809 2140 ω
830 2072 912 2154 alias
932 2073 1041 2137 verbis
1066 2095 1179 2151 σημειοο
1194 2070 1247 2138 vel
1266 2093 1410 2153 σοοσημοο
1424 2076 1497 2139 red-

217 2191 317 2268 dunt;
341 2192 415 2255 loco
431 2199 545 2256 nostro
562 2192 715 2256 latiorem
731 2215 862 2256 sensum
879 2193 1134 2273 substituerunt,
1155 2194 1278 2278 absque
1294 2194 1394 2258 dubio
1411 2195 1497 2278 quod
1564 2237 1568 2244 ·
1681 2167 1682 2200 ³

215 2311 330 2375 vexilli
360 2311 451 2376 notio
489 2312 531 2376 ad
561 2311 703 2377 Messiae
741 2313 941 2396 dignitatem
976 2313 1083 2376 minus
1121 2315 1279 2398 quadrare
1310 2313 1494 2379 videbatur.

215 2431 340 2495 Eadem
357 2432 397 2496 de
414 2453 528 2512 causa,
552 2454 668 2516 nempe
685 2455 777 2497 suam
794 2434 834 2497 de
850 2434 973 2497 Messia
995 2434 1193 2498 sententiam
1214 2433 1409 2514 inferentes,
1436 2437 1497 2500 sub

215 2551 314 2614 finem
338 2574 396 2635 pro
422 2560 625 2637 „quaerecffl
650 2554 911 2617 substituerunt:
943 2555 1149 2614 stautai:-
1180 2556 1345 2638 Apostolo
1371 2579 1498 2620 summa

215 2671 402 2754 argumenti
423 2695 490 2736 non
511 2671 574 2735 nisi
595 2673 629 2736 in
646 2695 727 2736 voce
747 2679 818 2752 εθοη
834 2673 943 2756 posita
964 2680 1051 2750 erat3
1078 2695 1159 2756 quae
1183 2697 1257 2738 cum
1274 2674 1373 2738 etiam
1390 2698 1406 2739 e
1423 2699 1497 2759 pro-

213 2793 335 2875 phetae
358 2791 524 2855 sententia
544 2815 691 2875 paganos
708 2793 898 2872 denotaret,
926 2801 1014 2858 certe
1030 2795 1092 2858 hac
1109 2802 1257 2878 exparte
1274 2795 1379 2859 versio
1396 2797 1495 2859 Alex.

213 2911 323 2974 textui
347 2911 501 2976 hebraico
527 2911 608 2974 satis
633 2913 866 2996 respondebat.
918 2915 1085 2977 Paulum
1111 2922 1221 2978 autem
1247 2916 1288 2978 ad
1313 2915 1497 2979 versionem

213 3053 391 3114 provocare
408 3031 562 3094 maluisse
580 3055 678 3114 quam
694 3033 735 3096 ad
751 3040 882 3097 textum
898 3034 1105 3112 hebraicum,
1130 3057 1167 3098 eo
1192 3035 1297 3119 magis
1313 3037 1495 3098 notandum

214 3157 276 3230 est,
295 3151 382 3234 quod
399 3151 582 3215 accuratior
598 3154 773 3216 verborum
789 3153 1018 3237 interpretatio
1035 3154 1153 3217 melius
1173 3155 1273 3219 etiam
1289 3155 1330 3218 ad
1348 3143 1495 3238 compro-

215 3270 357 3334 bandam
373 3271 441 3334 eius
458 3272 657 3336 sententiam
674 3274 726 3356 (de
741 3273 914 3338 vocatione
931 3273 1083 3357 gentium
1095 3275 1270 3359 prolatam)
1288 3276 1492 3358 quadrasset.

213 3391 381 3473 Propheta
405 3391 491 3456 enim
513 3391 627 3456 vexilli
645 3392 789 3477 imagine
805 3417 883 3456 usus
899 3417 965 3456 non
981 3394 1087 3457 solum
1107 3395 1223 3458 ducem
1239 3395 1388 3479 gentium
1406 3397 1494 3458 Mes-

213 3508 295 3572 siam
314 3510 458 3591 dixerat,
485 3534 596 3576 verum
622 3512 721 3577 etiam
744 3513 952 3598 confugium,
980 3514 1067 3598 quod
1089 3514 1268 3599 diligenter
1289 3515 1494 3598 appetiturae

214 3635 335 3694 essent.

718 3823 840 3879 Locus
857 3824 986 3881 mx·

518 4000 519 4003 ¹
604 3973 709 4039 lCor.
728 3979 758 4054 1,
776 3980 815 4040 19
833 3976 875 4040 cf.
894 3978 961 4040 Jes.
980 3982 1031 4056 29,
1051 3982 1100 4043 14.

296 4172 505 4266 Γέγραπται
522 4164 590 4268 γάρ
604 4165 746 4241 Ἀπολῶ
766 4166 833 4267 τὴν
851 4173 984 4270 σοφίαν
1005 4175 1075 4244 τῶν
1092 4175 1217 4270 σοφοῖν
1232 4174 1293 4243 καὶ
1308 4169 1374 4269 τὴν
1393 4168 1493 4246 ouve-

213 4329 272 4377 σιν
291 4310 362 4376 τῶν
381 4307 537 4377 συνετῶν
557 4301 738 4403 ἀθετήσω.

296 4451 396 4519 LXX
418 4459 494 4516 ante
521 4455 622 4513 απολω
647 4455 866 4537 praemittunt
891 4477 952 4526 και,
985 4477 1043 4538 pro
1068 4461 1205 4532 αθαησω
1236 4457 1361 4521 habent
1389 4473 1492 4538 κρυψω
