3376 5200
767 315 938 409 *sa—

296 515 365 583 W.
380 516 448 582 lm.
474 539 522 577 και
540 523 617 579 ante
633 537 700 584 τους
720 539 783 580 om.
807 517 898 579 solus
913 513 953 581 A.
976 553 1006 561 -
1028 517 1091 578 Pro
1109 515 1314 591 υπολελειμμαι
1335 511 1493 576 aoristum

211 635 372 718 praebent
387 639 436 719 (ut
457 636 592 719 Paulus)
610 635 706 698 codd.
726 635 876 698 4Holm.
898 674 930 682 -
949 657 1006 713 μου
1021 657 1071 712 την
1084 649 1177 714 ψυχην
1196 632 1268 698 cod.
1286 633 1316 699 B
1335 632 1438 695 habet
1454 653 1494 694 ex

212 753 292 818 edit.
324 755 448 839 Angeli
467 754 560 819 Maii.
583 795 611 803 -
637 757 788 816 κατελιπον
808 758 857 839 (ut
872 755 1007 838 Paulus)
1024 753 1097 817 cod.
1116 757 1176 818 246
1194 751 1389 836 (Vaticanus
1405 773 1492 818 saec.

212 875 329 959 XlIl);
363 877 533 955 καταλειψω
558 875 653 939 codd.
674 879 724 939 19.
743 878 795 939 93.
812 878 870 940 108
897 875 1008 958 (iidem
1033 873 1089 958 qui
1112 896 1210 956 supra
1235 872 1393 936 aoristum
1419 893 1493 936 cum
1519 893 1521 896 ’

211 995 315 1058 Paulo
337 995 551 1078 praebebant)
561 1018 569 1070 ;
600 996 835 1074 accolanarum
854 993 908 1078 (cf.
927 995 1023 1057 Rom.
1042 997 1092 1071 ll,
1110 994 1269 1076 asanaa)
1286 958 1338 1055 ed.
1356 1013 1491 1068 armen,

210 1116 293 1196 rralq.
320 1113 544 1199 (derelinqaam
568 1115 676 1195 mihi),
704 1114 783 1178 edit.
807 1115 975 1198 Complut.
999 1153 1031 1161 -
1053 1128 1192 1192 εκαμψαν
1208 1115 1258 1195 (ut
1278 1111 1412 1194 Paulus)
1434 1131 1492 1193 pro

150 1311 156 1322 .
210 1237 348 1296 uulnera
364 1234 460 1298 codd.
478 1240 604 1318 septem
622 1233 759 1297 minusc.
778 1234 891 1298 Holm.
909 1235 1084 1318 praebent,
1109 1238 1277 1316 praeterea
1294 1230 1376 1294 edit.
1395 1229 1493 1292 Com·

211 1355 295 1439 plut.
314 1361 348 1418 et
364 1353 497 1418 Aldina.
538 1354 621 1417 Cod.
640 1357 700 1417 246
718 1353 785 1437 (qui
801 1377 899 1437 supra
915 1376 990 1418 cum
1005 1353 1109 1416 Paulo
1127 1353 1305 1435 nocrimen:
1324 1351 1441 1412 saltans.
1457 1389 1489 1396 -

211 1497 276 1554 yona
293 1474 453 1540 omittunt
469 1475 604 1558 (absque
621 1471 720 1536 dubio
738 1472 872 1552 incuria,
891 1473 949 1537 sed
967 1472 1009 1536 cf.
1028 1471 1280 1554 textumhebr.)
1297 1470 1393 1534 oodd.
1410 1468 1440 1536 Α
1459 1476 1493 1534 et

209 1599 252 1659 44
267 1593 380 1657 Holm.
403 1633 435 1642 -—
456 1593 607 1677 Denique
627 1615 660 1671 τη
673 1595 763 1652 Beni
780 1596 828 1677 (ut
849 1593 985 1676 Paulus)
1008 1591 1158 1656 scribunt
1183 1590 1279 1654 codd.
1307 1589 1492 1674 quindecim

209 1713 348 1777 minusc.
372 1714 484 1777 Holm.
532 1713 597 1777 Sed
620 1735 692 1776 curn
716 1735 756 1776 ex
778 1735 890 1776 eorum
913 1734 1066 1790 numero,
1093 1710 1122 1774 si
1141 1712 1222 1775 fides
1244 1709 1357 1774 haberi
1378 1715 1491 1792 potest

210 1833 397 1913 Holmesio,
424 1856 491 1897 non
511 1833 575 1897 nisi
596 1834 660 1896 duo
683 1831 746 1896 sibi
768 1839 959 1920 constantes
982 1832 1042 1895 sub
1062 1831 1161 1895 finem
1183 1853 1295 1894 versus
1310 1829 1490 1913 praebeant

210 1975 417 2033 προσεκυνησεν
435 1977 507 2031 αντη
533 1953 662 2038 (reliqui
678 1974 790 2016 omnes
813 1955 919 2036 arao),
951 1954 1164 2017 vehementer
1193 1949 1338 2015 dubitari
1365 1954 1489 2032 potest,

210 2098 252 2138 an
285 2073 478 2138 femininum
512 2077 567 2158 (τη)
602 2074 643 2137 ad
673 2097 822 2138 normam
853 2071 991 2136 aliorum
1020 2073 1168 2136 locorum
1203 2070 1293 2155 (vide
1323 2068 1425 2151 inira)
1459 2065 1492 2130 in

211 2195 340 2259 codices
364 2195 440 2258 illos
464 2193 642 2278 irrepserit.
666 2233 697 2241 —
725 2193 826 2257 Vides
854 2191 972 2276 igitur,
1002 2192 1100 2256 variis
1127 2190 1286 2256 versionis
1311 2186 1491 2252 Alexandr.

209 2315 409 2380 lectionibus
425 2338 490 2380 non
506 2314 624 2393 inesse,
642 2315 728 2378 unde
744 2320 857 2377 textus
874 2312 1049 2396 apostolici
1064 2309 1285 2394 discrepantia
1295 2308 1491 2393 explicetur.

211 2436 434 2519 Quaecunque
458 2435 492 2498 in
513 2457 610 2498 versu
632 2434 730 2498 tertio
754 2458 772 2498 a
793 2434 889 2496 LXX
912 2433 1055 2495 virorum
1076 2437 1173 2494 textu
1194 2429 1369 2507 recedunt,
1396 2427 1493 2492 facile

210 2557 252 2620 ad
267 2555 405 2620 liberam
422 2555 590 2640 allegandi
605 2553 767 2618 rationem
783 2551 897 2616 referri
912 2557 1063 2634 possunt.

296 2677 351 2741 Ita
366 2675 460 2740 initio
478 2675 648 2759 apostolus
665 2673 759 2737 addit
774 2695 863 2751 κυριε,
888 2694 961 2734 cum
981 2669 1149 2734 obiectum
1170 2667 1382 2734 allocutionis
1400 2689 1491 2752 prae·

209 2804 301 2862 terea
325 2795 501 2873 defuisset,
529 2795 676 2858 membra
700 2793 764 2856 duo
790 2791 897 2875 priora
922 2790 1041 2855 omisso
1066 2813 1115 2850 και
1139 2788 1286 2867 invertit,
1315 2811 1344 2850 ev
1361 2810 1493 2870 ρομφαια

209 2925 248 2981 nt
264 2917 463 3000 superfluum
479 2913 601 2992 omisit,
619 2911 728 2978 verbis
747 2935 795 2973 και
813 2913 926 2972 caolet.
945 2934 998 2990 εγω
1015 2931 1183 2988 perorator
1203 2908 1398 2993 simpliciter
1416 2908 1493 2972 sub·

210 3035 322 3100 stituit
343 3058 422 3115 καγω
441 3036 520 3096 nael.
536 3055 642 3111 porca·
678 3034 739 3097 sub
770 3033 869 3096 finem
900 3031 1019 3095 iterum
1050 3029 1161 3094 omisit
1182 3031 1277 3111 λαβειν
1295 3050 1390 3106 corna
1431 3027 1492 3090 Ce-

209 3163 318 3221 terum
332 3157 415 3220 bene
431 3153 610 3239 respondet
630 3153 735 3217 versio
754 3153 850 3216 Alex.
874 3150 1034 3216 hebraicis
1059 3161 1139 3244 ‘ntfj
1164 3162 1248 3243 ῆοᾎζι
1272 3145 1492 3242 afflatam}

212 3270 330 3371 amp}
345 3273 488 3369 noar-ns
504 3273 621 3368 aopnp
636 3267 714 3368 aaa}
730 3284 781 3366 ns
797 3282 897 3364 inps)
912 3281 1002 3364 :pp
1018 3281 1095 3364 apa
1110 3281 1233 3366 arpen.
1267 3269 1376 3333 Anser
1391 3289 1443 3332 res
1459 3288 1493 3330 se

211 3397 314 3460 habet
335 3394 369 3458 in
391 3385 487 3458 versu
508 3400 637 3478 quarto.
684 3393 808 3456 Textus
831 3391 974 3476 apostoli
995 3391 1022 3454 is
1039 3399 1101 3470 est,
1124 3399 1162 3454 ut
1178 3391 1247 3456 iure
1264 3411 1339 3454 cum
1353 3387 1492 3452 Bleekio

211 3517 255 3580 al.
273 3514 424 3580 dubitare
440 3515 563 3599 possis,
587 3521 699 3578 utrum
720 3513 821 3577 verba
841 3511 995 3575 hebraica
1015 3511 1141 3596 potius,
1165 3533 1207 3575 an
1222 3511 1317 3574 LXX
1333 3507 1420 3573 viros
1443 3528 1492 3572 se·

212 3643 308 3700 cutus
324 3635 380 3700 sit.
426 3635 522 3699 Lxx
538 3634 625 3699 enim
647 3634 732 3698 falso
751 3632 895 3697 reddunt
911 3634 1137 3715 καταλειψειςῑ),
1161 3631 1284 3695 Paulus
1301 3652 1374 3694 cum
1396 3635 1493 3693 textu

211 3755 366 3820 hebraico
391 3755 530 3838 primam
553 3776 728 3838 personam
752 3752 902 3838 praebet.
949 3753 997 3814 At
1019 3751 1225 3835 singulorum
1246 3750 1420 3814 verborum
1441 3769 1493 3812 ra·

210 3875 301 3940 tione
318 3875 496 3958 diligenter
512 3873 627 3938 habita
642 3873 739 3937 facile
755 3871 851 3936 nobis
866 3869 1147 3954 persuadebimus,
1165 3871 1205 3934 de
1220 3876 1334 3934 textus
1347 3865 1494 3933 hebraici

210 4019 273 4060 usu
294 3993 435 4078 cogitari
456 4017 522 4058 non
543 4015 651 4077 posse.
699 3993 786 4056 Nam
808 4000 939 4076 praeter
954 3991 1095 4055 formam
1115 3991 1301 4069 καταλειψεις
1318 3988 1415 4052 LXX
1431 3985 1493 4051 viri

211 4113 300 4180 omni
322 4121 471 4197 exparte
488 4113 700 4178 consentiunt
722 4135 796 4176 cum
812 4113 921 4178 verbis
943 4110 1122 4189 hebraicis,
1146 4110 1269 4174 Paulus
1291 4115 1403 4172 autem
1427 4129 1493 4170 non

296 4413 321 4479 1)
339 4413 380 4463 De
404 4412 477 4462 varia
499 4411 617 4462 lectione
640 4405 770 4490 (ηῆιτςῑξη)
796 4408 839 4460 vix
858 4406 972 4476 cogitari
991 4411 1095 4473 potest,
1118 4405 1170 4457 imo
1190 4402 1334 4456 secundam
1352 4416 1493 4470 personam

209 4499 277 4551 Lxx
296 4499 503 4558 substituerunt,
523 4497 595 4563 qnod
614 4497 704 4547 eadem
724 4497 825 4562 septies
843 4489 872 4546 in
890 4495 1013 4546 oratione
1032 4492 1076 4544 dei
1094 4493 1129 4544 ad
1146 4493 1252 4543 Ellam
1270 4490 1459 4557 praecedebat.
