3376 5200
830 331 870 390 52

209 540 287 614 cept.
306 533 347 595 al.
368 532 504 614 Chrys.
532 531 691 594 Oecum.
716 530 802 593 ltus.
822 530 889 613 (qui
905 530 1002 592 simul
1018 528 1105 592 varie
1122 529 1223 591 verba
1238 527 1488 609 transponunt);

210 652 369 714 omittunt
384 657 494 715 autem
512 674 545 711 ov
563 651 685 729 ψευδομ.
726 649 938 717 ABDEFGL
957 655 985 713 l.
1005 655 1035 713 2.
1055 653 1105 714 17.
1123 651 1162 712 47
1180 670 1298 710 novem
1314 647 1356 709 al.
1376 644 1491 728 (Wec-

209 775 342 855 stem),
366 773 463 844 italo,
480 773 625 850 οιιίςιιίοο
641 771 736 833 codd.
754 769 1030 853 praestantissimi
1047 768 1131 852 (vide
1148 771 1273 851 supra),
1296 789 1356 850 syr.
1374 765 1489 838 solid„

210 891 397 974 epatribus
423 890 543 953 Clem.
569 889 679 972 Orig.
708 889 794 973 Cyr.
819 890 1010 952 Theodrt.
1039 887 1165 952 Basil.
1188 889 1231 950 al.
1254 885 1362 949 multi.
1408 885 1491 947 Inde

210 1010 354 1074 dubitari
375 1033 441 1073 non
460 1010 598 1093 poterit,
627 1009 704 1092 quin
726 1010 826 1073 verba
846 1009 905 1072 illa
920 1016 1033 1072 textus
1056 1007 1231 1091 supplendi
1248 1029 1346 1069 causa
1362 1027 1378 1068 e
1395 1005 1491 1067 deca·
1516 1005 1519 1010 ’

208 1133 287 1214 logo
307 1130 420 1194 addita
436 1131 489 1193 vel
505 1130 539 1192 in
555 1131 627 1192 cod.
647 1145 669 1197 te
685 1129 886 1213 irrepserint.
926 1128 1065 1211 Reliqua
1080 1127 1203 1191 nullius
1220 1125 1390 1189 momenti.

295 1267 404 1334 LXX.
437 1268 543 1331 Exod.
564 1271 614 1345 20,
634 1271 673 1330 13
699 1267 833 1329 secund.
862 1267 982 1334 cod.B
1006 1269 1058 1350 (ex
1082 1265 1162 1328 edit.
1189 1263 1335 1347 Angeli
1359 1261 1489 1345 Maii):

209 1392 252 1466 od
271 1389 483 1488 μοιχιύσιις,
504 1391 546 1463 οὐ
567 1395 720 1487 κλέψεις,
740 1391 784 1463 οὐ
803 1387 1001 1491 poetricae,
1021 1387 1064 1462 ori
1081 1383 1491 1488 ιιιευὸομαριορήοοις...

210 1529 273 1603 οὐκ
293 1525 536 1626 ἐπιθυμήσεις
555 1529 619 1622 (τὴν
636 1547 754 1619 γυναῖκα
774 1530 858 1620 aab).

295 1679 361 1741 Qui
377 1681 438 1740 hac
455 1677 537 1740 inre
555 1700 629 1740 oum
646 1679 717 1741 cod.
735 1679 765 1743 B
781 1677 923 1754 faciunt,
947 1699 1013 1738 non
1030 1677 1209 1738 afferuntur
1225 1675 1311 1757 apud
1330 1675 1492 1736 Holme·

64 1853 81 1879 ,
210 1799 319 1862 sium.
368 1798 526 1860 Ordinem
541 1804 655 1884 textus
675 1796 820 1859 hebraici
842 1799 886 1880 (oo
905 1819 967 1875 φοι.
987 1819 1020 1855 ov
1043 1819 1115 1874 μοιχ.
1136 1818 1169 1856 ov
1188 1797 1313 1878 κλεψιις)
1333 1795 1505 1878 praebent,
1540 1789 1545 1796 ’

210 1919 357 1984 AVIIX
377 1919 472 1980 codd.
498 1917 635 1980 minusc.
662 1917 782 2000 viginti
811 1924 953 1999 septem,
987 1916 1038 1978 ed.
1070 1915 1238 1998 Complut.
1260 1922 1294 1978 et
1316 1913 1492 1991 Aldina,e

210 2039 360 2121 patribus
384 2039 468 2100 Cat.
486 2037 589 2114 Nic,
609 2037 730 2100 Clcm.
750 2037 880 2114 Alex„
900 2034 1137 2119 Theophyl„
1162 2037 1282 2113 Tert„
1307 2040 1490 2116 August„

210 2159 317 2222 Hier.
349 2159 404 2235 al.‚
437 2180 539 2220 verse.
569 2159 651 2237 orrlp.
681 2163 758 2236 cept.
788 2157 872 2218 arod.
908 2163 1055 2240 retroque,
1086 2159 1202 2218 οίοοοιι.
1240 2195 1271 2202 -
1308 2153 1491 2238 Cyrillus

212 2281 325 2343 Alex.
348 2277 471 2361 partim
488 2300 563 2340 cum
580 2277 652 2339 cod.
671 2275 711 2355 Α,
729 2277 848 2360 partim
866 2299 941 2339 cum
956 2277 986 2342 B
1002 2276 1094 2339 facit.

280 2416 396 2506 ¹Deut.
416 2417 503 2493 5,17
530 2415 602 2476 cod.
626 2415 673 2480 B:
703 2399 745 2473 οὐ
764 2397 978 2493 μοιχεύσεις,
998 2395 1258 2500 οὐφονεύοιις,
1275 2397 1320 2473 ,οὐ
1339 2401 1491 2495 abaciam,

211 2539 253 2612 οὐ
272 2543 424 2636 praedor.
448 2552 510 2635 (ed.
529 2553 643 2613 Rom:
667 2575 701 2611 οι
719 2572 872 2629 corseone,
892 2574 925 2610 οο
943 2573 1025 2630 perp,
1044 2545 1077 2610 ov
1096 2551 1234 2632 κλεψεις).
1275 2549 1426 2634 Eundem
1442 2569 1492 2609 or-

210 2673 320 2736 dinem
335 2673 495 2755 praebent
512 2671 584 2734 ood.
603 2641 710 2736 Xlict
727 2671 837 2732 decem
856 2669 994 2732 minusc.
1003 2718 1013 2747 ,
1037 2691 1139 2732 verse.
1163 2669 1296 2749 aethiops.
1321 2674 1355 2730 et
1377 2689 1491 2729 armon.

211 2797 259 2856 At
281 2793 353 2856 cod.
371 2791 401 2857 Α
422 2793 465 2854 al.
488 2792 587 2872 longe
609 2789 756 2873 plerique
778 2789 898 2852 iterum
914 2791 1040 2853 habent
1065 2813 1098 2850 οο
1117 2811 1273 2868 corrosae,
1298 2811 1331 2848 ov
1349 2810 1436 2866 μοιχ.,
1461 2809 1493 2845 ου

210 2915 333 2991 clepere.

297 3032 468 3094 Quaenam
488 3029 626 3093 testium
648 3029 853 3112 singulorum
874 3029 959 3092 ratio
982 3029 1042 3107 sit,
1065 3029 1220 3092 assumtis
1243 3028 1343 3090 etiam
1358 3025 1492 3108 'reliquis

211 3151 287 3214 novi
303 3158 383 3213 test.
402 3150 483 3213 locis
500 3149 678 3232 parallelis,
697 3151 777 3212 haeo
794 3150 910 3212 tabula
927 3149 1179 3212 demonstrabit.
1228 3147 1366 3230 Singula
1382 3153 1492 3208 autem

210 3278 387 3355 praecepta
409 3293 446 3332 eo
469 3269 656 3332 notavimus
677 3291 829 3347 numero,
857 3291 952 3352 quem
975 3269 1008 3332 in
1033 3269 1193 3352 decalogo
1210 3275 1323 3330 nostro
1346 3265 1491 3348 (secund.

212 3391 359 3454 ordinem
374 3397 488 3453 textus
504 3389 660 3472 hebraici)
677 3396 804 3452 tenent.

255 3517 285 3575 1.
310 3511 405 3574 LXX
422 3511 527 3573 Exod.
547 3515 597 3588 ab,
618 3513 667 3574 13.
694 3510 766 3572 cod.
785 3511 830 3575 B:
852 3509 901 3571 VI
917 3509 987 3570 VH
1003 3509 1045 3570 V.
1107 3509 1179 3572 cod.
1191 3507 1235 3574 A:
1254 3509 1284 3568 V
1301 3507 1350 3569 VI
1367 3506 1448 3567 VII.

256 3637 284 3694 2.
310 3631 407 3694 LXX
423 3631 524 3693 Deut.
543 3635 572 3708 5,
592 3633 644 3694 17.
697 3630 834 3696 cod.B:
856 3629 954 3690 VIV
998 3628 1078 3691 VII.
1104 3627 1235 3693 oodrl:
1254 3626 1447 3688 VVIVII.

255 3755 284 3815 3.
310 3753 434 3813 Matth.
454 3755 483 3827 5,
502 3754 540 3813 a]
558 3757 593 3812 et
610 3751 661 3812 27.
859 3750 890 3810 V
926 3749 985 3811 VI.

254 3876 285 3935 4.
311 3872 435 3934 Matth.
456 3875 576 3948 19,18.
857 3870 888 3929 V
923 3870 974 3930 VI
998 3869 1078 3931 VII.

256 3995 285 4052 5.
311 3991 555 4067 Mar0.10,1e.
583 3989 665 4051 Luc.
686 3993 736 4066 18,
755 3993 806 4052 20.

589 4111 684 4172 Rom.
704 4113 755 4186 13,
773 4113 803 4172 9.
859 4108 955 4170 VIV
999 4106 1079 4168 VII.
1124 4095 1130 4100 ’

256 4236 286 4295 6.
311 4232 381 4293 Jae.
400 4236 430 4308 2,
451 4234 502 4294 11.
859 4229 909 4291 VI
925 4228 966 4290 V.

266 4403 272 4417 ·
298 4367 400 4430 Vides
416 4367 534 4451 igitur,
559 4366 705 4430 codicem
721 4366 751 4433 A
766 4373 906 4448 utroque
923 4363 1044 4428 veteris
1063 4370 1144 4426 test.
1161 4363 1235 4425 loco
1251 4369 1383 4426 textum
1398 4362 1491 4426 hebr.

213 4496 363 4552 secutum
389 4511 474 4566 esse,
508 4489 580 4551 cod.
608 4488 636 4553 B
661 4487 748 4550 varie
777 4487 923 4550 ordinem
949 4482 1160 4566 disposuisse.
1212 4483 1371 4546 Ordinem
1400 4505 1493 4565 prae-
