3376 5200
758 268 928 362 555*

196 469 252 533 'nis
276 492 374 532 causa
394 468 491 531 etiam
517 491 568 528 του
587 469 772 532 addendum
798 472 891 551 erat).
937 467 1102 532 Extremis
1128 467 1268 552 denique
1296 467 1401 531 verbis
1429 487 1482 534 555

202 611 251 666 της
273 609 381 666 quapra-
402 609 508 664 ταυτης
531 585 634 650 115555
657 587 832 650 5555515515
852 610 906 655 555
928 609 977 666 της
995 609 1059 665 uqa.
1077 610 1133 664 ημ,
1155 609 1237 670 quae
1263 585 1392 650 dicendi
1416 585 1481 648 for·

203 707 292 770 mula
314 705 400 790 apud
421 705 518 769 LXX
539 705 627 770 viros
652 729 718 770 555
741 729 813 770 raro
838 706 962 790 legitur
970 731 978 782 ;
1005 707 1048 770 cf.
1073 707 1156 770 Gen.
1176 709 1226 784 19,
1248 709 1287 770 37
1305 729 1354 788 sq.
1379 689 1479 767 Num.

204 831 254 905 22,
273 831 324 890 30.
350 827 472 889 Ezech.
492 830 543 904 20,
561 829 600 890 31
618 827 661 890 51.

673 1117 794 1172 leucu!
812 1117 1014 1172 Lxxxm.

591 1256 607 1316 1
626 1251 701 1314 Cor.
721 1257 770 1329 15,
790 1255 830 1316 54
850 1252 892 1315 cl.
910 1253 977 1315 Jes.
997 1257 1048 1330 25,
1067 1258 1097 1317 8.

294 1423 345 1500 Τό
351 1457 384 1500 re
401 1423 587 1525 γενήσεται
604 1426 623 1498 ὀ
642 1423 746 1518 λόγος
763 1425 781 1499 ὁ
801 1436 1042 1528 γεγραμμένος
1058 1425 1261 1526 Κατεπόθη
1280 1427 1299 1501 ὁ
1319 1425 1485 1517 055555ς

203 1571 255 1652 εἰς
273 1577 380 1652 νῖκος.

290 1711 400 1778 LXX.
420 1706 587 1772 κατέπιεν
605 1697 625 1769 ὁ
644 1694 811 1788 θάνατος
829 1695 990 1790 ἰσχύσας.

290 1848 515 1931 Hexaplorum
530 1845 687 1930 reliquiae
704 1849 786 1910 haec
801 1847 942 1910 habent:
969 1823 1112 1929 Aquil.'
1131 1870 1332 1910 aerumnosi
1356 1871 1405 1910 ror
1427 1855 1485 1909 55-

205 1988 446 2036 euroaustrum.
488 1969 627 2050 Symm.
648 1971 855 2043 5555550555
871 1986 980 2041 ποιησει
995 1988 1044 2025 τον
1062 1972 1131 2026 555.
1150 1988 1189 2034 εις
1206 1968 1294 2034 cetos.
1335 1969 1484 2032 Theod.

205 2092 358 2164 κατεποθη
375 2109 391 2146 5
410 2092 544 2153 tucciae
561 2106 600 2152 εις
616 2106 691 2152 νικος
703 2087 734 2168 ¹).
921 2064 937 2075 ⁶

291 2206 402 2269 Verba
418 2203 582 2282 hebraica,
606 2226 688 2287 quae
705 2204 803 2268 hodie
819 2203 972 2286 legimus,
993 2199 1073 2295 5723}
1088 2214 1179 2294 115155ζὶ
1194 2197 1271 2287 555,
1297 2205 1379 2270 nihil
1397 2207 1487 2270 aliud

207 2325 391 2409 significare
413 2331 554 2407 5555555
574 2323 653 2387 nisi:
679 2325 828 2405 absorpsit
850 2329 908 2409 (sc.
927 2325 1008 2388 deus
1026 2324 1068 2388 cs.
1086 2347 1118 2386 v.
1137 2326 1166 2406 6)
1188 2331 1311 2388 mortem
1332 2326 1365 2388 ia
1388 2333 1486 2390 aeter-

206 2468 287 2506 nam.
334 2445 384 2508 De
409 2443 498 2506 varia
523 2443 664 2508 lectione
691 2437 786 2540 (255)
811 2443 875 2507 iam
900 2451 1035 2527 propter
1058 2442 1224 2506 versiones
1250 2445 1423 2528 Aquilae
1449 2470 1487 2510 55

207 2562 437 2647 Symmachi
468 2563 607 2647 cogitari
636 2587 702 2626 non
732 2569 860 2646 potest;
895 2569 1040 2626 ceterum
1070 2556 1132 2645 255
1163 2562 1262 2626 etiam
1287 2565 1353 2628 Jes.
1380 2571 1430 2645 19,
1454 2569 1484 2630 3.

206 2683 470 2762 Ρ5515ι.21,10.
496 2687 604 2760 55,10
631 2684 670 2746 55
697 2683 756 2746 555
783 2682 951 2745 hominum
977 2680 1114 2746 consilia
1138 2681 1242 2745 vitam
1265 2683 1397 2767 linguas
1421 2686 1486 2748 tol·

206 2804 296 2866 lente
317 2809 351 2866 et
370 2809 529 2885 tanquam
551 2802 749 2866 absorbente
766 2801 900 2884 legitur.
947 2803 1024 2864 Non
1044 2800 1151 2864 minus
1173 2802 1264 2866 vocis
1287 2799 1486 2869 5555555515

200 2922 327 3004 pertitas
347 2922 401 2985 vel
417 2943 544 3002 prorsus
566 2920 653 3004 (inde
675 2920 739 2984 iam
756 2920 889 2984 Saadia:
915 2923 995 2984 dotet
1016 2922 1204 2985 debilitatem
1221 2923 1421 2987 erratiuetiooe
1437 2947 1486 2987 55-

206 3043 312 3122 tremo)
337 3039 414 3103 ferri
438 3063 505 3103 non
528 3046 652 3123 potest.
698 3041 770 3104 lmo
793 3048 924 3104 tantum
946 3042 1056 3119 abest,
1082 3047 1121 3104 ut
1144 3044 1326 3124 prophetae
1352 3044 1486 3107 effatum

207 3158 401 3242 simpliciter
422 3159 462 3223 de
485 3159 642 3223 tollendis
664 3160 779 3244 populi
801 3160 1047 3225 calamitatibus
1068 3161 1121 3224 vel
1142 3161 1182 3224 55
1201 3161 1289 3226 vitae
1307 3169 1397 3226 55555
1414 3163 1486 3226 1511-

205 3311 547 3328 -Δ----

292 3403 319 3463 1)
338 3403 499 3453 1555555.
518 3404 602 3469 igitur
618 3407 741 3454 accurate
759 3403 894 3452 Paulum
917 3404 1047 3466 sequitur.
1086 3403 1150 3452 Cum
1173 3405 1337 3468 interpretes
1361 3408 1486 3456 nonnulli

205 3491 353 3546 affirment,
376 3491 481 3554 saepius
494 3490 545 3538 hoc
558 3489 789 3539 Theodotioni
808 3489 953 3546 accidisse,
975 3489 1004 3538 in
1017 3505 1108 3539 omnes
1122 3490 1178 3539 eius
1192 3491 1278 3548 15555,
1301 3492 1346 3554 qui
1364 3493 1445 3540 etiam
1458 3493 1486 3541 in

206 3593 274 3626 novo
293 3579 456 3626 testamento
474 3577 641 3640 allegantur,
662 3575 800 3638 inquisivi.
837 3575 954 3624 Exstant
972 3590 1036 3624 5555
1053 3582 1159 3638 5555555
1176 3577 1263 3624 locum
1276 3581 1397 3625 nostrum
1411 3581 1486 3640 quat·

206 3667 267 3711 tuor
285 3663 346 3720 elii,
368 3676 477 3726 quorum
497 3661 585 3710 versio
604 3676 618 3708 5
638 3675 707 3708 novo
720 3665 786 3708 5555.
801 3659 908 3709 videtur
922 3661 1048 3724 5555555.
1086 3661 1150 3710 Tres
1163 3665 1252 3710 autem
1272 3661 1350 3722 (Hos.
1366 3665 1407 3719 11,
1420 3665 1434 3710 1
1449 3664 1485 3711 cf.

205 3748 305 3796 Matth.
320 3751 344 3805 2,
359 3749 400 3795 15.
420 3747 476 3795 Jes.
491 3749 532 3802 42,
547 3749 561 3794 1
575 3748 611 3794 cf.
626 3747 726 3794 Matth.
742 3748 781 3803 12,
796 3747 837 3794 18.
857 3745 956 3794 Pealm.
971 3747 1012 3803 51,
1026 3747 1041 3794 6
1055 3748 1090 3796 cf.
1105 3747 1180 3794 Rom.
1194 3750 1218 3804 3,
1229 3745 1257 3809 4)
1272 3747 1402 3796 eiusmodi
1415 3752 1486 3804 5555,

205 3837 236 3880 55
248 3836 339 3881 tentus
352 3833 427 3880 hebr.
443 3833 521 3880 aliam
534 3833 683 3880 versionem
696 3831 740 3878 vix
753 3831 895 3890 admittat;
907 3831 935 3879 in
946 3837 1040 3894 quarto
1055 3831 1147 3894 (Zach.
1163 3834 1203 3890 12,
1217 3835 1250 3881 10
1263 3834 1298 3880 cf.
1312 3832 1375 3880 Joh.
1391 3834 1432 3889 19,
1443 3834 1485 3883 37.

204 3918 286 3981 Α555.
297 3919 320 3975 1,
327 3915 354 3981 7)
364 3923 475 3980 propter
488 3907 599 3966 verbum
610 3917 774 3980 ιξικεντησαγ
786 3915 942 3982 (ῚἾΡἿΙιΧΧ
951 3916 1166 3984 κατωρχησαντο)
1180 3917 1213 3966 (15
1226 3919 1289 3966 novi
1302 3921 1366 3966 5555.
1382 3933 1432 3966 555
1445 3933 1486 3966 co·

205 4003 284 4066 giteri
299 4018 352 4051 non
366 4004 466 4066 potest,
480 4017 537 4050 cum
552 4002 631 4050 etiam
645 4002 757 4064 Aquil.
773 4005 801 4050 et
814 4001 927 4066 Symm.
942 4002 1058 4052 reddant
1071 4003 1243 4066 εξεκεγτησαν.
1265 4002 1332 4052 1555
1345 4002 1486 4052 verisimil-

204 4089 295 4137 limum
314 4089 390 4137 nobis
410 4089 529 4145 videtur,
550 4087 645 4136 Pauli
663 4089 853 4151 allegationem
871 4088 1017 4137 nivariam
1035 4088 1180 4136 lectionem
1199 4089 1227 4136 in
1247 4088 1361 4150 hexapla
1373 4087 1486 4146 illatam,

204 4178 298 4238 postea
318 4175 406 4222 eutem
423 4189 438 4222 5
457 4173 545 4222 555155
557 4172 671 4235 quodam
685 4173 785 4236 proprii
801 4174 886 4222 fontis
905 4174 996 4222 555515
1009 4172 1238 4222 'theodotioni
1256 4174 1325 4222 falso
1342 4173 1486 4235 ascriptam

205 4275 271 4309 5555.
310 4260 369 4310 1155
382 4259 496 4316 5555515,
514 4257 584 4322 quod
598 4273 674 4308 nemo
688 4263 794 4322 patrum
808 4273 953 4308 consensus
967 4259 1041 4308 illius
1059 4259 1158 4307 Pauli
1175 4274 1233 4308 cum
1251 4257 1487 4309 'l'heodotione

203 4345 367 4396 mentionem
380 4328 455 4402 facit,
469 4345 521 4393 imo
534 4344 829 4392 Montefalconius
842 4343 1085 4394 Theodotiouia
1099 4348 1127 4393 55
1139 4344 1281 4408 Aquilae
1294 4343 1427 4394 lectiones
1440 4344 1486 4392 im·

204 4433 338 4496 perfectas
352 4447 365 4480 5
377 4431 560 4495 manuscripto
573 4429 589 4478 J
592 4430 736 4480 esuitarum
749 4444 764 4478 a
777 4427 932 4480 Curteric
946 4431 1044 4480 allatas
1056 4430 1133 4480 51515.
1360 4420 1364 4426 ‚
