3376 5200
846 299 905 360 198

321 502 483 564 Paulum
516 503 697 584 prophetae
728 501 838 564 locum
867 523 932 564 non
963 497 1026 561 nisi
1055 497 1243 560 memoriter
1273 497 1435 578 allegasse
1463 494 1514 556 vel

234 620 345 705 potius
370 620 510 684 orationi
535 643 612 684 suae
637 619 829 698 inseruisse,
862 626 896 682 et
926 618 1086 681 formulae
1112 616 1279 700 allegandi
1304 615 1454 678 delectus
1480 621 1514 676 01
1540 623 1541 627 ’

235 763 309 804 0001
338 739 442 803 totius
475 739 630 804 orationis
661 739 804 823 impetus
830 745 942 822 aperte
973 738 1190 800 demonstrat.
1245 735 1374 798 Hoseae
1404 731 1513 796 verbis

233 859 530 942 triumphantibus,
564 859 673 942 qualia
697 859 730 924 in
756 865 900 922 mentem
924 857 1010 920 i'orte
1034 855 1234 933 inciderant,
1263 862 1421 936 tanquam
1446 849 1530 914 suis¹

234 979 353 1057 utitur,
384 978 424 1042 de
449 985 555 1042 morte
579 1002 637 1062 per
663 979 830 1042 Christum
858 978 1019 1060 abrogata
1042 975 1260 1058 triumphans.
1306 974 1416 1038 Quare
1441 970 1513 1034 soni

233 1097 448 1161 similitudine
473 1099 635 1162 deductus
660 1099 714 1181 (cf.
747 1100 806 1175 δικ-η
826 1103 859 1160 01
882 1119 957 1164 νικος
976 1097 1029 1158 vel
1049 1097 1119 1178 νικη)
1140 1094 1299 1156 sollemne
1316 1092 1513 1156 vocabulum

232 1217 459 1302 praecedentis
477 1217 685 1299 allegationis
703 1219 800 1301 (aanor)
816 1215 938 1280 retinet
954 1237 1014 1278 nec
1031 1231 1097 1277 non
1112 1236 1169 1296 pro
1188 1215 1241 1290 αδη
1257 1211 1393 1276 alterius
1410 1209 1513 1274 herni-

157 1355 159 1359 ‘
233 1337 344 1402 stichii
365 1336 484 1402 iterum
505 1343 643 1401 mortem
666 1336 828 1423 increpat,
853 1336 894 1399 ad
917 1358 1014 1421 quam
1033 1341 1107 1400 tota
1128 1333 1273 1418 pertinet
1295 1330 1411 1396 oratio.

319 1818 437 1880 Restat
461 1815 575 1894 etiam,
603 1822 639 1878 ut
665 1839 761 1899 quam
786 1814 994 1893 brevissime,
1022 1813 1099 1898 quid
1122 1811 1314 1896 quaestione
1337 1818 1450 1874 nostra
1472 1811 1512 1874 de

232 1935 469 2019 allegationum
491 1942 588 1998 textu
609 1935 763 1998 instituta
786 1935 964 2012 efficiatur,
991 1956 1203 2017 exponamus,
1250 1934 1415 1996 Accurate
1438 1953 1513 1993 cum

231 2054 389 2118 versionis
412 2056 508 2118 Alex.
532 2061 629 2118 textu
651 2054 896 2118 consentientes
918 2053 1128 2138 probavimus
1153 2053 1245 2116 locos
1260 2051 1400 2134 triginta
1417 2057 1511 2134 quat·

230 2182 316 2238 tuor.
368 2173 507 2237 Etiamsi
536 2177 598 2237 hcc
625 2175 872 2239 concedendum
896 2174 959 2237 erit
983 2173 1168 2252 Bleekio,
1200 2170 1347 2255 inprimis
1378 2169 1512 2232 minoris

231 2293 374 2357 ambitus
396 2295 487 2357 locos
510 2302 663 2358 accurate
686 2296 865 2382 secundum
887 2295 981 2356 LXX
1004 2293 1090 2356 viros
1112 2292 1265 2376 allegari,
1291 2298 1404 2354 tamen
1425 2289 1512 2352 inter

230 2413 369 2496 triginta
391 2421 547 2496 quattuor
568 2415 644 2477 illos
666 2389 824 2497 leguntur
845 2436 979 2491 novem,
1007 2412 1062 2496 qui
1077 2411 1204 2475 latioris
1221 2409 1365 2474 ambitus
1382 2407 1513 2472 dicendi

231 2540 308 2595 sunt
342 2535 447 2615 (Rom.
473 2537 502 2612 3,
527 2533 633 2598 4.'l3.
659 2539 689 2612 1,
715 2537 808 2598 7-8.
834 2540 863 2612 8,
888 2537 939 2597 36.
966 2535 995 2609 9,
1015 2537 1066 2595 29.
1095 2537 1143 2610 10,
1163 2535 1213 2595 18.
1242 2534 1360 2609 12,20.
1389 2533 1438 2606 15,
1458 2532 1509 2592 tl.

231 2653 305 2715 Gal.
323 2657 354 2730 4,
374 2655 435 2735 97).
483 2653 557 2716 Huc
582 2653 727 2730 accedit,
755 2653 842 2735 quod
866 2651 932 2715 loci
953 2651 1089 2714 inseris
1111 2649 1211 2714 tertia
1232 2674 1251 2712 a
1266 2647 1361 2713 nobis
1379 2670 1510 2712 enume-

229 2771 293 2834 rati
317 2771 436 2854 partim
461 2771 603 2834 testibus
634 2770 777 2854 antiquis
803 2795 821 2833 a
845 2778 943 2834 textu
967 2771 1063 2834 LXX
1088 2770 1230 2833 virorum
1259 2769 1346 2852 apud
1372 2791 1431 2830 nos
1461 2790 1510 2830 re·

231 2897 326 2974 cepto
353 2889 490 2954 diversis
515 2891 667 2954 nituntur
692 2891 745 2974 (cf.
771 2892 866 2954 Rom.
891 2895 920 2972 3,
945 2893 1080 2955 15-17.
1106 2894 1136 2968 9,
1161 2895 1213 2954 96.
1242 2893 1290 2966 11,
1315 2893 1366 2953 34.
1396 2888 1506 2951 2001.

231 3014 260 3088 9,
277 3010 373 3092 lab),
390 3009 510 3092 partim
526 3019 596 3072 tam
612 3009 730 3073 leviter
746 3033 764 3074 a
780 3010 929 3074 versione
946 3011 1044 3074 Alex.
1062 3010 1232 3087 recedunt,
1249 3015 1288 3072 ut
1304 3007 1508 3091 singulorum

230 3128 396 3194 dissensus
413 3151 499 3192 mere
516 3129 557 3192 ad
573 3129 747 3193 memoriae
764 3131 893 3213 lapsum
908 3130 1098 3194 referendus
1115 3129 1170 3192 sit.
1215 3129 1292 3191 Non
1311 3127 1408 3211 pauci
1424 3127 1509 3191 enim

229 3271 295 3310 non
318 3247 380 3311 nisi
401 3248 514 3313 ordine
535 3251 709 3312 verborum
730 3258 857 3313 mutato
881 3249 948 3313 sive
970 3273 1035 3313 uno
1055 3256 1188 3312 tantum
1204 3248 1364 3312 vocabulo
1382 3271 1400 3310 a
1416 3246 1510 3309 LXX

230 3367 306 3430 viris
332 3368 542 3432 dissentiunt.
589 3371 628 3432 In
654 3369 736 3433 serie
762 3377 878 3452 quarta
901 3369 965 3432 loci
992 3372 1087 3432 Rom.
1108 3373 1136 3450 l,
1156 3370 1193 3432 17
1220 3367 1289 3450 (ubi
1308 3368 1429 3430 Paulus
1454 3389 1509 3444 μου

230 3486 371 3572 omittit)
405 3492 434 3566 9,
464 3491 501 3552 17
535 3489 603 3572 (ubi
629 3489 755 3569 εξηγειρα
774 3489 915 3572 legimus
932 3511 989 3572 pro
1007 3491 1185 3572 decerpatur)
1208 3488 1326 3552 iterum
1348 3509 1413 3550 uno
1435 3493 1508 3548 tan-

229 3613 298 3670 tum
320 3608 481 3670 vocabulo
498 3631 517 3670 a
534 3608 681 3672 versione
697 3609 867 3688 recedunt.
914 3608 1023 3672 Locus
1040 3611 1135 3671 Rom.
1156 3613 1206 3684 12,
1225 3612 1263 3672 19
1281 3614 1392 3670 autem
1409 3629 1510 3689 quum

228 3749 349 3809 magna
373 3749 412 3789 ex
437 3733 530 3809 parte
557 3749 630 3790 cum
647 3727 742 3790 LXX
764 3727 944 3806 consentit,
970 3734 1042 3790 tum
1067 3729 1191 3810 absque
1217 3727 1315 3791 dubio
1335 3726 1369 3789 in
1386 3733 1508 3790 certam

228 3845 319 3909 illam
345 3845 511 3929 allegandi
536 3847 675 3911 sormam
700 3847 842 3925 abierat,
869 3855 907 3910 ut
932 3848 972 3910 de
993 3870 1078 3912 nova
1105 3839 1217 3910 textus
1243 3847 1334 3911 hebr.
1359 3845 1508 3910 versione

229 3967 371 4030 aPaulo
397 3965 553 4030 instituta
578 3967 724 4050 cogitare
750 3967 804 4031 vix
828 3967 939 4030 liceat.
984 3968 1035 4030 De
1060 3966 1142 4030 locis
1168 3989 1184 4030 0
1206 3967 1283 4030 Jobi
1307 3966 1391 4030 libro
1416 3988 1508 4050 repe-

227 4084 300 4148 titis
331 4087 437 4167 (Rom.
462 4090 512 4164 11,
537 4090 588 4150 35.
621 4087 731 4151 lCor.
756 4089 786 4166 8,
811 4090 862 4170 19)
893 4086 1026 4151 uberius
1057 4110 1155 4170 supra
1179 4085 1419 4170 disputavimus
1451 4085 1506 4167 (cl.

227 4228 260 4288 p.
279 4209 318 4268 69
335 4208 409 4287 sq.).
432 4244 463 4252 -
491 4206 530 4268 In
560 4206 642 4269 serie
674 4205 789 4289 quinta
819 4207 909 4270 locos
940 4206 1200 4270 enumeravimus
1231 4206 1420 4284 duodecim,
1453 4206 1509 4289 qui

227 4323 359 4407 longius
377 4324 508 4407 quidem
525 4328 565 4389 ab
582 4333 722 4410 utroque
738 4333 834 4389 textu
850 4327 1042 4390 recedentes
1062 4335 1175 4390 tamen
1196 4327 1330 4412 propius
1353 4328 1394 4390 ad
1410 4326 1507 4390 Lxx

227 4443 368 4510 virorum
396 4467 493 4528 quam
517 4447 558 4512 ad
583 4445 705 4510 codicis
731 4445 876 4510 hebraici
900 4453 1029 4522 textum
1055 4447 1228 4511 accedunt.
1278 4447 1384 4513 Locus
1410 4449 1506 4511 Rom.
