3376 5200
783 313 950 408 „10-

310 533 410 599 Lxx
431 523 491 594 καὶ
509 516 680 618 ἠγάπησα
702 517 763 592 τὸν
776 516 914 613 Ἰακώβ,
940 517 1002 591 τὸν
1020 521 1058 592 δὲ
1072 517 1188 592 Ἠσαῦ
1207 523 1373 617 ἐμίσησα.

310 669 381 738 VV.
397 669 466 736 LL.
505 669 587 733 Cod.
619 683 642 736 n
667 676 744 752 post
762 669 863 749 Ιακωβ
880 667 973 732 addit
1001 669 1072 747 ieyn
1094 689 1205 747 κυριος,
1239 689 1321 751 quae
1348 667 1448 731 verba
1475 666 1506 730 in

226 814 322 855 versu
337 770 481 854 seeundo
497 789 548 853 bis
565 789 778 852 antecedunt.

310 911 421 978 licor.
436 907 542 1005 inupti
558 907 620 1000 uqa
636 921 699 1004 unp
716 906 864 999 :pp-up
880 908 965 998 aas:

311 1029 413 1094 Vides
434 1030 621 1113 apostolum
644 1029 818 1092 verborum
839 1027 986 1091 ordinem
1005 1025 1123 1090 leviter
1144 1033 1290 1090 mutasse
1312 1026 1508 1110 praepositis

227 1150 334 1214 verbis
353 1173 403 1211 τον
422 1152 528 1230 luunt.
566 1148 690 1211 Tamen
705 1148 814 1211 locum
832 1154 979 1210 nostrum
997 1153 1149 1210 accurate
1170 1144 1325 1229 allegatis
1346 1145 1508 1210 ascribere

226 1293 292 1333 non
308 1267 530 1334 dubitavimus
547 1291 619 1332 eum
637 1275 771 1352 propter
788 1265 979 1330 mutationis
994 1265 1166 1330 levitatem
1179 1273 1250 1329 tum
1261 1273 1396 1350 propter
1406 1265 1509 1330 mani·

227 1390 347 1454 festam
362 1387 549 1474 argumenti
566 1409 640 1452 cum
656 1386 738 1451 locis
755 1385 1027 1452 antecedentibus
1046 1385 1335 1450 necessitudinem.

750 1647 871 1702 boens
889 1645 993 1700 vlu.

610 1768 693 1829 Rom
710 1771 740 1845 9,
759 1765 858 1831 1501:
877 1765 983 1828 Exod.
1002 1769 1053 1842 33,
1074 1768 1124 1828 19.

316 1930 376 2024 Τῷ
401 1927 553 2000 Μωῦσεῐ
568 1922 636 2022 γὰρ
654 1927 743 2016 λέγει
756 1920 910 2024 Ἐλεήσω
931 1917 972 1996 ὃν
990 1919 1036 1996 ἂν
1055 1925 1137 1996 ἐλεῶ
1157 1927 1218 1996 καὶ
1235 1919 1446 2023 οἰκτειρήσω
1466 1919 1510 1996 ὃν

226 2061 272 2137 ἂν
290 2067 460 2162 οἰκτείρω.

311 2213 382 2280 VV.
400 2212 469 2292 Lu.
492 2211 614 2276 nullae.

311 2333 411 2400 LXX
433 2354 565 2415 prorsus
587 2331 725 2394 eundem
750 2337 881 2394 textum
907 2331 1067 2414 praebent
1095 2329 1272 2414 praemisso
1299 2353 1358 2393 και..
1399 2331 1510 2414 (Solus

226 2454 299 2518 cod.
317 2458 358 2518 32
380 2451 493 2516 Helm.
511 2450 562 2514 bis
578 2451 697 2514 habet:
722 2473 755 2512 oc
772 2453 842 2534 ena)

310 2571 475 2636 Hebraea
490 2573 571 2635 haee
588 2577 681 2634 sune:
700 2581 791 2661 opas
806 2566 946 2661 eps-nn
961 2580 1088 2663 *paup
1104 2567 1168 2662 pin
1182 2565 1320 2661 aps-ap
1336 2571 1429 2664 rnen]

310 2693 389 2757 Non
403 2691 499 2755 video
506 2739 515 2770 ,
540 2713 597 2754 cur
619 2691 664 2754 de
682 2691 832 2768 Wette,
856 2712 953 2773 quem
975 2690 1067 2774 sequi
1089 2689 1220 2754 videtur
1241 2691 1388 2774 Meyer,
1413 2689 1509 2752 LXX

225 2813 312 2877 viros
328 2809 487 2876 versionis
504 2809 610 2873 minus
627 2816 799 2873 accuratae
816 2833 888 2873 reos
905 2810 1016 2889 faeiat,
1038 2834 1096 2894 pro
1124 2812 1228 2888 ελεησω
1250 2833 1282 2870 oc
1305 2833 1341 2870 cc
1362 2812 1432 2870 ελεω
1450 2812 1510 2870 κτλ.

138 2923 140 2926 ’
226 2931 404 2996 dicendum
419 2929 520 2993 fuisse
543 2931 611 2990 cieo
627 2952 659 2990 oc
676 2953 711 2989 αν
725 2931 829 3006 steron
847 2930 1025 2993 affirmans.
1055 2929 1148 2992 LXX
1163 2928 1251 2993 viros
1267 2935 1378 2993 autem
1399 2930 1509 2993 locum

227 3058 375 3116 nostrum
392 3049 499 3114 minus
516 3049 682 3134 perlucide
700 3049 829 3133 quidem
847 3051 906 3114 sed
921 3051 963 3114 ed
983 3051 1120 3114 verbum
1146 3049 1297 3127 vertisse,
1323 3056 1508 3132 temporum

227 3169 454 3236 hebraicorum
480 3171 579 3234 docet
602 3179 784 3254 respectus,
837 3169 1021 3234 Praeterito
1050 3169 1134 3234 enim
1161 3193 1234 3233 oum
1260 3181 1273 3234 t
1298 3168 1509 3232 consecutivo

228 3292 405 3376 conjuncto
423 3290 526 3353 futuri
545 3289 716 3353 notionem
731 3289 837 3354 inesse
856 3289 937 3354 satis
955 3297 1101 3366 constat;
1127 3301 1191 3374 mit
1207 3296 1318 3352 autem
1338 3288 1510 3372 imperfec-

227 3420 309 3490 tum,
334 3397 466 3474 modurn
487 3409 534 3474 rei
555 3409 715 3493 repetitae
732 3408 919 3494 designans,
937 3431 1054 3493 graece
1071 3431 1198 3472 summo
1209 3409 1283 3493 jure
1300 3408 1510 3494 ceonjuntivo
1577 3443 1581 3450 ·

226 3531 409 3617 praesentis
423 3554 497 3596 cum
514 3556 549 3592 cr
570 3529 663 3595 reddi
678 3537 821 3614 poterat.
847 3529 987 3594 Etiamsi
1003 3530 1127 3593 formae
1147 3531 1215 3590 ελεω
1237 3535 1272 3592 et
1287 3552 1413 3609 οικτειρω
1427 3529 1511 3593 indi·

228 3651 328 3716 cativi
352 3651 534 3736 praesentis
559 3650 768 3736 accipiendae
793 3657 918 3729 essent,
945 3673 997 3714 res
1020 3673 1086 3714 non
1110 3649 1207 3714 aliter
1231 3672 1265 3714 se
1289 3650 1428 3714 haberet
1453 3650 1510 3732 (cf.

227 3771 352 3850 Winer‚
375 3775 507 3836 Grcmm.
525 3795 557 3856 p.
577 3773 649 3855 274)
658 3795 667 3847 ;
685 3779 803 3835 neutra
819 3769 967 3834 versione
984 3771 1160 3834 verborum
1175 3769 1224 3834 vis
1241 3768 1312 3854 ipsa
1327 3775 1485 3832 mutatur.

770 4029 890 4084 boens
906 4029 970 4083 lx.

510 4151 605 4212 Rom.
625 4153 675 4227 10,
696 4151 734 4212 13
752 4148 794 4212 of.
812 4148 933 4228 J0e13,
951 4151 968 4212 5
986 4148 1143 4230 (LXX'2,
1161 4151 1226 4231 32).

314 4331 402 4416 Πᾶς
427 4323 526 4426 [γάρ]
544 4320 584 4416 ὃς
602 4321 649 4398 ἄν
667 4327 924 4423 ἐπικαλέσηται
943 4323 982 4398 cd
1002 4320 1119 4419 ὄνομα
1137 4327 1263 4425 κυρίου
1290 4321 1513 4423 σωθήσεται.

316 4477 386 4547 VV.
408 4477 477 4543 Η».
503 4477 613 4540 nullae
621 4501 630 4552 i
667 4497 727 4554 γαρ
743 4473 829 4538 enim
854 4474 896 4537 ad
916 4475 1025 4537 locum
1051 4473 1234 4558 allegatum
1259 4496 1326 4538 non
1350 4473 1511 4558 pertinet;
