3376 5200
819 301 861 366 u
914 317 924 334 .

754 389 924 396 ——-—-—-—

198 487 325 570 ratione
340 503 481 570 ⁴dicendi
505 505 671 568 abhorret.
724 503 874 588 Denique
899 502 1006 566 minus
1030 502 1207 570 verisimile
1232 503 1314 568 mihi
1337 493 1477 582 videtur,

199 647 273 686 αυια
296 647 313 689 e
328 623 422 688 LXX
443 623 622 708 repetitum
638 645 725 701 esse,
751 647 826 688 cum
840 624 992 688 Paulus
1011 646 1088 710 αισα
1106 623 1207 688 etiam
1223 625 1298 689 Gal.
1308 629 1389 704 8,12
1400 627 1478 708 (sec.
1523 702 1527 708 1

199 751 303 809 testes
320 749 444 829 omnes)
461 752 591 829 praeter
607 751 799 809 contextum
816 768 911 809 suum
926 744 1100 810 retinuerit
1108 745 1142 828 ι).

283 882 394 949 LXX.
418 863 442 942 ἃ
459 865 619 968 ποιήσας
636 866 730 943 αὐτὰ
750 863 951 968 ἄνθρωπος
968 866 1113 968 ζήσεται
1130 876 1168 942 ἐν
1186 867 1320 959 αὐτοῖς.

282 1002 339 1066 lta
362 1003 404 1066 ad
428 1002 565 1066 verbum
589 1001 802 1066 reddiderunt
826 1001 981 1066 hebraica
1004 1011 1059 1090 *1¹33
1082 1011 1177 1092 07*th
1200 1001 1272 1093 urii<
1296 997 1384 1094 ²532!
1408 1013 1480 1084 Ἶσις

198 1132 280 1214 upa„
314 1121 400 1186 Fieri
414 1143 481 1186 non
496 1121 623 1206 potuit,
648 1121 727 1205 quin
741 1120 867 1185 librarii
882 1121 915 1184 in
931 1119 1012 1184 miro
1030 1119 1215 1185 hebraismo
1230 1144 1250 1181 α
1266 1143 1387 1200 ποιησαι·
1405 1143 1481 1183 avec

199 1241 403 1306 offenderent
419 1244 466 1325 (at
484 1241 525 1304 cf.
543 1243 598 1305 Ps.
618 1245 668 1320 10,
688 1244 722 1306 7:
748 1264 782 1302 ov
799 1263 875 1321 αρας
896 1264 929 1302 το
947 1263 1042 1319 oropo
1058 1263 1145 1302 αιιοιι
1164 1243 1265 1326 γεμει);
1294 1241 1370 1305 inde
1389 1238 1479 1326 ipro

199 1355 395 1444 dpraebent
420 1361 517 1425 codd.
541 1360 685 1425 sedecim
707 1361 844 1425 minusc.
869 1361 994 1439 Helm,
1022 1360 1073 1424 ed.
1098 1359 1267 1444 Complut.
1286 1361 1410 1426 Contra
1430 1383 1480 1426 re·

199 1487 295 1546 tenta
310 1503 391 1545 voce
413 1476 433 1542 ἂ
455 1480 615 1545 omittunt
633 1503 710 1542 αιια
727 1479 788 1548 AB
805 1481 875 1565 (sed
892 1481 942 1544 ed.
960 1482 1057 1544 Rom.
1075 1503 1151 1541 αυια
1175 1481 1323 1564 praebet)
1349 1481 1405 1548 XI
1427 1487 1478 1547 55.

203 1640 235 1648 —
255 1601 440 1684 Apostolus
455 1600 558 1685 igitur
572 1601 609 1664 in
623 1601 674 1664 his
691 1600 873 1665 aversione
889 1599 1030 1678 recedit,
1055 1601 1143 1683 quod
1159 1607 1193 1664 et
1209 1600 1278 1684 ipse
1294 1601 1480 1685 pronomini

198 1715 218 1780 οἳ
237 1719 413 1783 substituit
431 1717 536 1804 diuisi
550 1719 636 1784 forte
653 1720 805 1785 codicum
820 1721 953 1784 illorum
968 1719 1068 1784 lectio
1088 1717 1104 1782 ὁ
1121 1719 1234 1784 iamin
1244 1720 1480 1804 antiquissimis

197 1838 440 1924 exemplaribus
462 1839 604 1923 exstitit)
627 1847 661 1904 et
682 1863 740 1923 pro
761 1862 859 1909 αιπας
874 1841 935 1903 sub
951 1841 1051 1904 finem
1066 1841 1204 1926 praebet
1220 1863 1300 1920 αντη.

582 2079 615 2163 b)
632 2079 707 2144 Gal.
725 2082 755 2158 3,
775 2084 814 2144 12
831 2079 874 2144 cf.
892 2079 973 2144 hev.
994 2085 1045 2160 18,
1064 2086 1095 2146 5.

283 2251 408 2315 Eadem
430 2252 531 2316 verba
547 2251 621 2316 Gal.
640 2256 669 2331 3,
689 2256 728 2316 12
745 2251 792 2315 ita
813 2252 986 2336 leguntur:
1013 2239 1032 2312 ὁ
1049 2236 1209 2340 ποιήσας
1224 2239 1317 2314 αὐτοὶ
1336 2237 1480 2340 ζήσεται
1566 2325 1569 2331 ,

198 2367 236 2432 ἐν
253 2355 389 2449 αὐτοῖς.
433 2372 630 2439 DfflEKL
652 2369 695 2436 al.
717 2371 883 2456 plerique,
908 2375 991 2454 culp.
1015 2373 1078 2456 (ed.
1102 2371 1194 2456 sixt.)
1216 2373 1408 2438 Theodrt.
1434 2375 1478 2438 al.

197 2499 275 2576 post
296 2513 372 2553 αντα
395 2492 523 2556 addunt
547 2498 707 2572 αιθρωπος
728 2495 756 2576 (e
771 2493 847 2556 loco
863 2492 1022 2576 parallelo
1039 2493 1135 2555 Rom.
1153 2496 1204 2571 10,
1223 2496 1240 2556 5
1264 2492 1332 2558 sive
1349 2516 1365 2556 e
1382 2493 1478 2558 Levi·

197 2611 276 2696 tice)
300 2618 415 2676 contra
437 2611 663 2680 ulwurm
685 2615 737 2676 17.
762 2615 848 2678 67³iii
868 2613 953 2689 itur,
979 2613 1062 2692 culp.
1085 2611 1197 2696 (etiam
1220 2613 1292 2677 cod.
1316 2590 1422 2678 umict.
1445 2622 1479 2678 et

187 2733 293 2816 scald.)
316 2739 380 2796 etc,
404 2733 557 2795 Paulus
578 2731 682 2815 igitur
698 2731 797 2795 etiam
817 2733 879 2795 hoc
901 2733 975 2796 loco
999 2753 1075 2791 αιπα
1097 2731 1226 2796 eLXX
1242 2733 1319 2796 viris
1341 2733 1476 2817 recepit,

199 2874 384 2936 quanquam
413 2873 476 2935 quo
504 2848 615 2924 ,,αυια“
640 2851 802 2916 referatur
831 2851 864 2915 in
895 2851 1169 2916 antecedentibus
1199 2875 1332 2936 prorsus
1363 2853 1475 2929 deest;

199 2993 313 3035 vocem
335 2977 496 3052 αιθρωποε
517 2977 628 3036 autem
651 2979 766 3036 contra
787 2979 918 3038 textum
940 2973 1033 3038 hebr.
1058 2969 1181 3036 omisit.

724 3266 846 3322 Locus
862 3267 959 3324 xm.

567 3404 663 3466 Rom.
682 3406 734 3480 10,
753 3405 792 3466 19
810 3401 853 3467 cf.
869 3403 971 3468 Deut.
988 3407 1040 3482 32,
1059 3409 1111 3468 tl.

280 3581 441 3674 Πρῶτος
459 3581 619 3678 bladovic
630 3581 719 3670 λέγει
732 3577 819 3670 'Eyoi
835 3577 1083 3680 παραζηλώσω
1102 3579 1199 3675 ὑμᾶς
1212 3577 1262 3654 ἐπδ
1283 3577 1348 3654 οὐκ
1366 3585 1479 3670 ἔθνει,

199 3716 259 3788 ἐπὶ
286 3720 387 3789 ἔθνει
415 3712 576 3813 ἀσυνέτῳ
604 3721 789 3816 παροργιῶ
816 3713 923 3812 ὑμᾶς.

286 3971 314 4036 1)
342 3973 455 4040 Meyer
475 3974 504 4023 in
531 3973 676 4023 iudicanda
697 3974 745 4023 illa
766 3974 914 4025 lectionum
934 3976 1066 4026 varietate
1088 3973 1209 4024 codicum
1231 3968 1300 4025 &AB
1322 3988 1481 4022 consensum

200 4073 286 4122 paene
305 4059 386 4108 nihili
402 4060 505 4110 faciens
523 4077 590 4122 αντη
609 4075 641 4108 ex
658 4077 749 4115 αιιτοις
768 4075 861 4110 sensus
879 4061 1032 4126 explicandi
1049 4076 1129 4110 causa
1140 4062 1273 4110 mutatum
1286 4065 1314 4110 et
1327 4059 1440 4109 eundem
1452 4060 1481 4108 in
1530 4047 1534 4056 ¹

200 4145 281 4194 finem
299 4162 369 4194 αυτα
387 4145 512 4194 omissum
540 4161 598 4196 esse
624 4145 739 4207 (mutato
761 4147 840 4195 simul
861 4148 1000 4197 verborum
1024 4145 1131 4209 ordine)
1159 4146 1286 4196 affirmat.
1331 4147 1367 4194 At
1391 4160 1481 4194 nonne

199 4232 285 4280 multo
306 4231 402 4280 melius
423 4233 506 4281 lectio
528 4249 619 4288 αυτοις
645 4231 679 4280 ad
701 4247 806 4282 sonsum
833 4233 972 4282 verborum
998 4231 1130 4297 quadrat?
1167 4231 1296 4296 Equidem
1317 4246 1372 4280 non
1393 4230 1482 4288 video,

201 4333 248 4366 cur
265 4317 368 4367 scribae
387 4321 490 4368 textum
508 4317 685 4376 mutaverint,
705 4319 891 4368 ellectionem
910 4336 1001 4375 αιιτσις
1021 4321 1050 4368 in
1072 4318 1266 4382 exemplaribus
1288 4317 1343 4367 suis
1364 4317 1482 4368 invenis·

202 4406 272 4452 sent.
310 4402 418 4454 Temere
440 4404 520 4454 etiam
542 4403 579 4453 de
598 4401 706 4453 Wette
726 4403 767 4467 (in
789 4407 931 4455 comment.
955 4403 989 4454 ad
1011 4405 1038 4454 h.
1057 4403 1089 4468 1.)
1112 4404 1315 4470 bethmanni
1337 4404 1483 4454 lectionem

201 4489 349 4539 convincit.
643 4483 652 4501 ⁸
1429 4497 1430 4502 ’
