3376 5200
789 323 848 386 107

180 549 287 589 rorum
316 529 387 609 δικη)
411 527 586 610 cogitasse.
633 528 734 589 Illum
759 534 869 590 autem
896 525 1041 590 ordinem
1068 514 1194 607 (κεντρον
1213 513 1363 600 ...accord
1383 522 1458 586 inde

180 645 214 708 in
235 645 402 709 codicibus
424 647 590 710 nonnullis
608 653 716 710 ortum
732 669 803 710 esse
818 653 917 730 puto,
941 645 1029 728 quod
1045 665 1125 707 voce
1147 645 1201 720 αδη
1226 665 1242 706 e
1264 643 1360 705 LXX
1382 642 1459 706 viris

180 765 214 828 in
233 765 479 829 hemistichium
501 767 641 830 alterum
662 766 757 830 illata
777 787 890 845 sempor
910 764 1027 828 melius
1050 763 1208 846 quadrare
1229 761 1403 825 videbatur
1419 763 1460 824 ad

180 891 303 955 θανατε,
321 906 396 952 νικος
414 885 455 948 ad
474 887 536 963 uoq.
580 886 699 969 Itaque
715 907 749 948 rc
772 907 848 948 vera
864 905 994 961 omnes,
1019 882 1074 965 qui
1090 884 1144 959 adq
1159 881 1334 964 praebent,
1354 887 1459 944 muta-

126 987 136 1010 ⁹
180 1011 251 1066 tum
274 1011 455 1086 sequuntur
477 1004 639 1082 ordinem,
665 1003 784 1088 reliqui
804 1009 967 1066 mutatum
995 1001 1127 1085 quidem
1152 1001 1300 1064 ordinem
1324 999 1459 1083 recipie·

181 1124 272 1201 bant,
291 1130 326 1187 at
340 1123 525 1206 primariam
543 1123 719 1188 lectionem
736 1130 848 1184 rlaoms
867 1129 978 1186 tamen
993 1122 1165 1184 tenebant.
1212 1119 1351 1184 Codices
1369 1117 1460 1185 th

181 1249 292 1308 autem
313 1242 347 1306 in
369 1264 407 1306 eo
424 1243 487 1306 sibi
503 1249 674 1321 constant,
699 1243 787 1325 quod
808 1262 913 1324 neque
936 1243 990 1318 adq
1009 1247 1205 1323 receperunt
1220 1261 1325 1322 neque
1342 1237 1460 1322 prima·

180 1362 264 1425 rium
279 1362 484 1426 inverterunt
501 1361 646 1425 ordinem
656 1363 690 1445 ¹).

265 1499 365 1565 axx
387 1499 494 1582 (aad.
512 1497 582 1576 ln,
601 1497 733 1580 hexapl.
751 1497 925 1580 renquiae
951 1495 1131 1578 coenatu:
1149 1487 1220 1554 ποῦ
1239 1481 1262 1580 ἡ
1282 1485 1361 1581 δίκη
1380 1509 1460 1568 σου,

179 1619 336 1721 &deora
366 1625 436 1694 πού
455 1619 494 1695 τὸ
514 1631 661 1722 κέντρον
676 1649 757 1709 σου,
776 1617 862 1719 didm

266 1774 329 1835 Pro
351 1773 410 1848 δικη
429 1773 589 1854 praebent
610 1795 669 1848 arun
693 1771 789 1834 codd.
817 1777 885 1833 tres
910 1769 1049 1833 minusc.
1072 1770 1201 1847 Holm.,
1229 1768 1317 1852 Cyr.
1345 1768 1459 1831 Alex.

182 1892 266 1972 (loco
291 1893 367 1973 uno)
393 1891 498 1954 versio
525 1914 659 1964 orarem,
692 1913 804 1953 omnes
831 1890 970 1953 l'ortasse
995 1888 1114 1953 Pauli
1145 1887 1381 1971 allegationem
1411 1911 1461 1950 re-

182 2007 369 2092 spicientes.

267 2146 379 2213 Hebr.
423 2140 507 2238 bier}
524 2156 616 2238 ῆΡΡΡ
632 2157 694 2234 tm}
710 2155 775 2236 ripa
791 2155 892 2236 wi
909 2156 973 2235 tur}
989 2145 1010 2208 i.
1029 2167 1058 2209 e.
1076 2145 1159 2229 adi')
1176 2151 1247 2207 sunl
1258 2151 1360 2225 ¹pestes
1376 2151 1460 2218 trane,
1566 2235 1569 2243 Ι

181 2289 197 2328 o
213 2287 302 2340 mors,
320 2266 372 2328 nbi
387 2267 512 2328 oculeus
527 2271 598 2327 tone
614 2266 693 2343 (lires
709 2266 800 2344 lod)
817 2289 833 2327 o
848 2267 952 2328 hader.
991 2266 1116 2328 Vocem
1132 2274 1231 2345 ῬἾΞἾ
1247 2265 1288 2327 ad
1304 2274 1379 2344 '¹²7³
1396 2288 1462 2327 non

181 2385 223 2448 ad
238 2395 301 2476 '¹²2
316 2385 519 2450 referendam
537 2407 607 2448 esse
625 2384 765 2468 (etiamsi
780 2383 916 2467 pluralis
935 2391 1034 2464 pestes
1049 2408 1116 2447 non
1131 2381 1194 2446 nisi
1209 2386 1272 2446 hoc
1288 2384 1362 2446 lcco
1380 2383 1461 2466 legi-

182 2507 264 2586 tur),
287 2505 385 2568 docet
400 2506 493 2568 locus
510 2505 633 2568 Psalm.
652 2509 703 2582 91,
723 2509 757 2582 6,
781 2503 838 2566 ubi
854 2503 887 2566 in
904 2504 1008 2566 altero
1025 2503 1235 2566 hemistichic
1259 2510 1310 2566 est
1326 2512 1404 2594 ἾΡΡ,
1428 2502 1462 2566 in

182 2625 286 2688 altero
303 2635 384 2716 ΒΡΡ.
430 2625 552 2688 Vocem
571 2622 641 2716 ἎΡΡ
661 2631 773 2688 autem
788 2623 884 2686 LXX
905 2630 995 2686 recte
1018 2622 1208 2687 derivarunt
1228 2647 1247 2686 a
1262 2622 1372 2686 radice
1393 2631 1462 2709 ΞὮΡ

182 2745 310 2821 (secuit,
337 2744 468 2816 eaelum
494 2743 569 2807 inde
592 2741 663 2835 ἎΡΡ
684 2743 812 2827 proprie
836 2750 886 2806 est
911 2743 1006 2806 ictuc:
1032 2743 1074 2806 cf.
1099 2752 1168 2834 ἎΡΡ
1191 2743 1368 2822 accidiam).
1414 2743 1463 2804 At

183 2860 252 2924 sine
270 2861 369 2925 dubio
386 2870 477 2925 recta
492 2862 670 2926 traditione
687 2863 779 2926 ducti
794 2863 867 2927 voci
889 2859 959 2954 ἎΡΡ
979 2861 1190 2926 instrumenti
1213 2861 1381 2926 notionem
1403 2861 1462 2924 tri-

182 2982 325 3045 buerunt
342 2984 500 3066 (κεντρον).
546 2983 588 3044 Iu
612 2981 799 3046 universum
823 2982 925 3066 igitur
949 2982 1048 3056 LXX
1072 2983 1202 3046 Hoseae
1232 2983 1341 3045 locum
1372 2987 1462 3044 recte

182 3101 406 3180 reddiderunt,
429 3101 491 3165 nisi
510 3101 598 3186 quod
614 3101 647 3164 in
662 3103 821 3166 vertenda
836 3124 916 3166 voce
933 3113 1032 3183 ῬὊἾ
1051 3103 1091 3166 de
1108 3103 1273 3165 substant.
1292 3110 1355 3168 ἛἾ
1372 3100 1462 3184 cogi-

181 3228 305 3284 tarunt.
340 3222 370 3285 V
365 3223 433 3285 erbo
451 3230 561 3287 autem
577 3222 635 3286 illa
651 3223 690 3286 de
709 3222 874 3286 sentent-ia
889 3222 1094 3286 damnatoria
1109 3221 1355 3305 intelligebant,
1375 3221 1461 3284 unde

182 3349 369 3404 verterunt:
395 3365 476 3421 που-η
487 3346 545 3420 dorp
558 3365 609 3403 σου
627 3343 681 3425 (cf.
697 3345 755 3420 ὅικη
773 3343 889 3406 eodem
905 3365 1003 3405 sensu
1020 3349 1211 3426 usurpatum
1229 3343 1308 3404 Act.
1328 3345 1378 3420 25,
1397 3345 1412 3406 l
1438 3343 1460 3421 ).

183 3461 305 3522 Eadem
328 3459 455 3522 ratione
472 3460 623 3542 Aquis:
649 3431 705 3521 ooo
723 3483 789 3521 εισιν
807 3485 833 3521 οι
850 3463 928 3538 loyor
945 3482 1006 3522 σου.

269 3702 296 3766 1)
318 3702 496 3751 Vehementer
513 3701 607 3758 miror,
632 3703 763 3765 quomodo
782 3704 898 3768 Meyer
917 3703 957 3766 (in
973 3710 1115 3754 comment.
1136 3722 1162 3768 p.
1177 3705 1239 3768 349)
1253 3707 1373 3754 ordinem
1391 3722 1459 3760 νικος

245 3806 347 3856 nrvrpov
366 3786 462 3837 thX
480 3787 544 3836 viris
557 3788 663 3836 illatum
676 3789 783 3838 dixerit.
820 3790 882 3837 Non
900 3791 970 3838 enim
989 3791 1058 3839 vidit
1077 3791 1117 3838 vir
1135 3791 1320 3850 doctissimus,
1342 3791 1463 3840 ordinem

183 3877 273 3932 illum,
296 3891 373 3939 quem
386 3874 611 3936 praestantiorem
624 3873 740 3932 iudicat,
763 3890 853 3924 eorum
866 3876 957 3938 potius
969 3891 1042 3932 esse,
1065 3877 1111 3938 qui
1126 3891 1217 3925 vocem
1230 3876 1281 3941 adq
1304 3876 1461 3939 (secundum

183 3961 267 4024 ipsius
280 3961 410 4024 Meyeri
422 3960 550 4009 iudicium
563 3957 645 4021 falso)
660 3975 673 4008 e
687 3961 809 4010 versione
822 3961 984 4010 intulerunt.

268 4062 295 4126 2)
316 4063 413 4112 Vocem
426 4068 482 4114 ¹¹15&
495 4062 528 4112 ad
541 4063 656 4111 radicem
675 4068 732 4113 titt!
751 4065 849 4112 referre
863 4064 965 4114 frustra
978 4066 1120 4112 tentarunt
1132 4064 1304 4127 interpretes.
1343 4064 1462 4128 Simplex

184 4149 253 4198 enim
267 4154 322 4200 *titt
341 4165 470 4212 nusquam
489 4150 588 4213 legitur
606 4149 635 4197 in
655 4149 747 4198 codice
766 4149 905 4208 hebraico;
925 4147 1172 4198 etiaminlocolia.
1188 4151 1288 4207 11,16,
1308 4166 1386 4213 quem
1400 4149 1461 4200 Ge-

183 4250 252 4284 sen.
266 4235 351 4292 affert,
365 4236 476 4284 formam
489 4240 556 4286 *aar
569 4235 684 4284 invenis.
721 4234 754 4284 In
773 4237 832 4283 loco
846 4239 935 4283 autem
947 4235 1052 4284 Hoseae
1067 4237 1107 4292 13,
1122 4237 1166 4292 10,
1187 4235 1232 4298 qui
1251 4235 1368 4298 proxime
1387 4239 1462 4285 ante-

184 4319 269 4376 cedit,
288 4320 368 4368 verba
387 4308 618 4394 κ)11κ“)ῧ571·11·111
637 4325 729 4384 aperta
743 4320 912 4384 significantr
932 4319 974 4367 ubi
987 4317 1082 4367 tandem
1095 4333 1139 4366 rer
1151 4324 1221 4367 taus?
1255 4321 1362 4383 Absque
1382 4320 1463 4370 dubio

183 4405 269 4453 forma
286 4410 342 4456 am<
360 4421 408 4466 pro
427 4410 483 4472 ”lii
501 4421 560 4454 cum
577 4407 794 4455 Boettchero
815 4403 1021 4477 (Aucfiitrlg'cdes
1038 4401 1167 4451 Lelrbuclr
1192 4401 1234 4450 der
1252 4403 1318 4454 hebr.
1339 4401 1463 4466 Spraclrc,

184 4489 197 4539 1
209 4505 236 4556 p.
249 4490 320 4551 259),
334 4491 378 4553 qui
391 4491 480 4554 legera
492 4493 595 4541 mavult
607 4498 677 4572 ''¹7²sp
691 4491 725 4540 ad
738 4492 842 4544 Hoseae
856 4491 1000 4544 dialectum
1014 4490 1233 4559 Ephraimiticam
1245 4490 1387 4544 referenda
1400 4491 1461 4543 erit.
