3376 5200
736 303 905 398 *m*

183 506 268 570 olore
291 505 525 588 hominumque
546 503 772 588 longaevitate
794 503 990 586 accipiatur,
1018 509 1055 565 ut
1076 503 1172 584 plane
1196 523 1269 564 oum
1287 497 1362 562 novi
1378 504 1458 561 test.

131 627 135 644 ¹
182 625 347 690 sententia
371 625 411 688 de
435 624 585 688 tollenda
609 630 714 688 morte
744 624 874 708 prolata
905 621 1080 688 eonveniat
1111 621 1165 705 (of.
1194 624 1210 684 l
1235 619 1309 682 Cor.
1336 623 1385 696 15,
1406 617 1459 684 26.

112 837 114 842 Ι
182 748 288 828 Apoo.
308 748 359 822 21,
377 748 420 827 4).

266 880 411 944 Primum
442 887 553 944 autem
583 882 804 964 quaerendum
830 880 907 959 erit,
940 880 1103 963 quomodo
1129 878 1223 941 LXX
1249 877 1310 940 viri
1334 876 1461 940 Jesaiae

183 1002 292 1064 loeum
316 999 525 1083 interpretati
550 1000 627 1064 sint.
679 1004 824 1060 Korama
841 1023 856 1060 o
875 1005 945 1060 dua
963 1020 1081 1078 ισχνσας
1110 996 1239 1082 proprie
1265 1004 1330 1060 est:
1360 997 1461 1059 obsor-

178 1121 244 1202 prii
268 1141 345 1182 more
362 1121 547 1200 praevaleas
571 1122 604 1183 h.
629 1141 657 1184 e.
688 1119 806 1182 ratione
831 1119 962 1182 odolrici.
1009 1117 1199 1182 Subiectum
1230 1116 1333 1200 igitur
1356 1115 1462 1199 negli-

183 1246 300 1322 gentes
331 1260 461 1302 sensum
487 1261 504 1302 e
530 1237 692 1302 contrario
719 1237 907 1322 oppositum
932 1239 1125 1312 effecerunt;
1160 1235 1233 1299 vooi
1263 1247 1323 1301 nat
1352 1243 1461 1300 autem

183 1357 335 1422 similiter
356 1365 455 1440 atque
478 1357 649 1440 Aquilae
671 1357 818 1420 uictoriae
839 1356 1009 1421 notionem
1030 1357 1218 1420 tribuerunt
1238 1379 1257 1419 a
1274 1357 1462 1439 Syrorum

183 1485 218 1542 et
240 1477 537 1540 Chaldaeorum
561 1476 661 1540 verbo
683 1486 745 1572 tiz?
762 1475 985 1559 repetitam¹),
1007 1475 1149 1539 fortasse
1166 1476 1254 1559 quod
1269 1476 1354 1538 falsa
1370 1482 1462 1538 ante·

183 1595 371 1661 cedentium
396 1595 501 1659 versio
526 1618 658 1656 uurrmer
684 1619 699 1657 ο
726 1601 795 1655 dar.
824 1593 991 1660 notionem
1018 1593 1224 1658 aeternitatis
1250 1617 1381 1680 prorsus
1407 1617 1462 1658 ex-

184 1717 351 1782 eludebat.

268 1855 317 1916 Ut
339 1853 403 1916 iam
428 1853 470 1916 ad
495 1853 663 1916 Paulum
686 1859 908 1931 transeamus,
936 1835 1146 1934 allegationis
1167 1852 1240 1915 linis
1262 1851 1289 1914 is
1312 1858 1398 1929 erat,
1426 1859 1464 1915 ut

185 1973 281 2036 huius
306 1971 378 2036 aevi
403 1971 715 2054 corruptibilitatem
740 1971 800 2054 (ef.
823 1995 855 2034 v.
880 1977 936 2035 54:
967 1995 1000 2031 το
1019 1977 1156 2050 φθαρτον
1174 1975 1275 2055 τουτο)
1306 1978 1463 2054 tanquam

185 2092 305 2155 vietam
327 2090 452 2155 diceret
476 2098 510 2154 et
532 2095 738 2154 consumtam
760 2090 1022 2154 immortalitate.
1069 2091 1177 2154 Quem
1197 2089 1231 2153 in
1256 2092 1354 2153 finem
1379 2091 1464 2154 falsa

184 2213 280 2276 LXX
297 2209 438 2274 virorum
456 2209 605 2273 versione
622 2209 671 2272 uti
686 2233 752 2273 non
767 2217 909 2293 poterat.
949 2211 997 2273 At
1016 2209 1164 2293 quamvis
1181 2218 1335 2273 aoeurata
1349 2218 1463 2273 textus

184 2333 275 2396 hebr.
294 2329 523 2414 interpretatio
540 2330 581 2392 ad
598 2329 714 2393 Pauli
729 2337 961 2412 argumentum
978 2329 1101 2413 optime
1118 2330 1327 2412 quadrasset,
1351 2339 1464 2394 tamen

184 2451 283 2515 etiam
300 2454 363 2514 hoo
378 2451 452 2513 loeo
470 2450 655 2532 apostolum
678 2472 695 2513 e
716 2449 865 2513 versione
888 2450 1067 2514 Alexandr.
1086 2450 1285 2532 pendentem
1301 2450 1461 2514 videmus.

183 2573 235 2634 Ao
264 2569 404 2653 primum
429 2569 561 2653 quidem
587 2591 696 2632 eorum
723 2591 837 2632 voeem
868 2591 1030 2629 suzannae
1054 2567 1207 2646 retinuit,
1239 2569 1320 2632 illud
1346 2591 1464 2648 ισχυσας

183 2697 291 2753 autem
319 2711 388 2752 earn
414 2689 647 2752 informulam
672 2688 788 2767 vertit,
816 2712 912 2772 quam
937 2687 1018 2751 alias
1043 2687 1130 2772 apud
1154 2687 1250 2751 LXX
1274 2688 1461 2752 invenerat:

183 2831 221 2876 aa·
238 2830 313 2876 νικος
334 2809 389 2885 (of.
410 2809 476 2870 Jer.
495 2811 525 2885 3,
543 2813 573 2869 5.
598 2808 718 2870 'l’hren
738 2812 767 2885 5,
787 2813 837 2872 20.
864 2810 940 2871 Am.
959 2813 988 2886 8,
1008 2810 1037 2872 7.
1064 2812 1082 2871 2
1099 2810 1187 2870 Sam.
1206 2813 1236 2885 2,
1256 2813 1294 2872 26
1311 2808 1368 2891 al.)
1393 2807 1415 2870 i.
1434 2831 1461 2871 e.

184 2928 326 3008 absorpta
347 2926 391 2989 eil
411 2947 488 2988 mors
510 2926 543 2988 in
564 2926 721 2988 uictoriam.
739 2930 788 3008 (ut
803 2926 942 2991 viatoria
965 2927 1139 2991 manifesta
1155 2927 1230 2992 inde
1247 2931 1461 3010 sequeretur).

183 3046 265 3110 Inde
288 3053 439 3130 apparet,
467 3044 549 3108 uerti
566 3044 643 3128 quid
659 3045 763 3109 statui
779 3069 843 3109 non
860 3069 972 3130 posse,
996 3043 1106 3110 utfum
1123 3048 1293 3130 apostolus
1311 3047 1463 3110 consulto

183 3168 224 3231 ad
244 3167 345 3230 verba
367 3165 520 3229 hebraica
541 3165 691 3245 redierit,
719 3189 760 3230 an
780 3165 852 3250 ipsa
871 3166 1030 3231 versionis
1052 3168 1151 3230 verba
1173 3190 1230 3250 pro
1252 3166 1463 3250 allegationis

183 3308 260 3350 suae
281 3287 346 3350 fine
368 3285 470 3350 libere
492 3286 681 3350 mutaverit,
727 3286 813 3349 Mihi
834 3286 965 3370 quidem
987 3287 1119 3350 minime
1136 3286 1272 3350 dubium
1292 3293 1358 3364 est,
1386 3285 1463 3368 quin

183 3407 353 3489 apostolus
375 3405 497 3489 proprii
516 3407 690 3469 verborum
713 3429 827 3470 sensus
852 3407 1017 3487 (absorpsit
1033 3408 1106 3469 deus
1121 3413 1258 3486 moriem)
1283 3412 1373 3469 reete
1395 3428 1463 3468 me·

183 3546 254 3586 mor
277 3531 387 3585 totum
412 3523 595 3585 membrum
619 3524 721 3587 libere
746 3525 779 3587 in
803 3524 968 3608 passivum
995 3547 1099 3607 genus
1123 3525 1271 3589 verterit.
1319 3527 1463 3588 Mortem

184 3641 270 3706 enim
287 3641 386 3705 etiam
403 3664 419 3706 e
436 3641 554 3705 Pauli
579 3643 744 3707 sententia
765 3666 823 3727 per
845 3644 942 3708 deum
965 3645 1157 3727 absorptum
1179 3645 1235 3723 iri,
1262 3651 1399 3729 apparet
1423 3667 1464 3708 ex

183 3762 329 3828 eiusdem
354 3762 470 3846 eapitis
495 3786 526 3826 v.
546 3767 585 3826 25
602 3785 651 3846 sq.
677 3802 708 3810 —
736 3764 834 3829 Quod
858 3771 969 3832 autem
991 3764 1147 3827 Paulus
1168 3766 1230 3827 hoo
1255 3764 1464 3848 potissimum

183 3884 256 3946 loeo
287 3884 461 3946 verborum
492 3882 718 3947 hebraicorum
750 3906 928 3948 memorem
959 3906 993 3947 se
1023 3890 1187 3967 praestat,
1226 3883 1367 3948 fortasse
1398 3885 1463 3949 looi

269 4126 297 4190 1)
315 4127 352 4176 At
372 4125 560 4177 Chaldaeus
581 4128 715 4191 interpres
736 4129 794 4192 ipse
815 4129 940 4191 praebet:
965 4116 1061 4197 wahe&
1083 4127 1110 4176 h.
1130 4143 1154 4176 e.
1176 4127 1203 4174 ia
1224 4125 1339 4186 saeculam
1363 4127 1463 4192 Syrus

183 4214 316 4276 interpres
332 4217 471 4277 utramque
490 4214 628 4264 notionem
646 4219 674 4263 et
692 4214 822 4264 victoriae
841 4218 869 4263 et
887 4213 1058 4263 aeternitatis
1075 4213 1174 4278 iungit.
1212 4211 1335 4262 Ceterum
1353 4213 1421 4260 LXX
1435 4215 1463 4262 in

183 4297 320 4347 reddenda
332 4313 396 4347 voco
410 4288 479 4350 nath
491 4315 583 4362 parum
596 4299 647 4348 eibi
658 4302 800 4358 constant;
814 4299 903 4348 decies
916 4299 1017 4363 septies
1031 4301 1171 4348 verterunt
1183 4316 1219 4353 ser
1232 4299 1302 4352 τιλος
1316 4296 1462 4361 (psalturi),

184 4383 269 4432 sexies
286 4400 321 4438 υς
337 4399 384 4432 ror
399 4400 492 4442 arama,
507 4385 649 4449 quinquies
662 4403 697 4441 ur
709 4402 785 4441 νικος.
822 4385 854 4433 ln
867 4383 973 4433 Jeeaiae
986 4385 1108 4434 versione
1123 4399 1177 4432 non
1191 4384 1241 4432 nisi
1257 4388 1348 4435 nostro
1362 4385 1390 4433 in
1403 4385 1462 4436 loco

182 4468 314 4534 praebent
327 4484 446 4534 ισχνσας,
458 4474 502 4520 ter
514 4488 548 4526 or
561 4487 607 4520 ror
618 4487 708 4520 αιωνα.
1308 4479 1323 4510 a·
