3376 5200
826 307 952 367 94·

289 491 357 559 Π.
373 491 442 558 ΙιΙι.
486 489 562 556 Brea
578 495 612 552 et
628 489 758 554 codices
783 491 966 567 97H01m,
990 489 1066 552 edd.
1088 487 1291 571 Complut.
1318 493 1353 552 et
1377 485 1485 549 Ald:

206 612 323 694 ανεβηςς
350 623 373 676 rt
394 610 465 694 (sed
481 609 521 671 C*
539 601 653 692 ανεβης)
672 613 742 674 115.
767 613 840 674 293.
864 610 953 672 irat.-
977 603 1078 689 ursflm
1102 622 1124 675 rt
1145 608 1234 670 ital„-
1257 607 1488 686 ηχμαλωτευσενς

127 783 129 786 -
206 735 279 796 142.
305 734 381 795 293:
412 731 519 811 ελαβεν.
563 729 713 812 Denique
745 729 874 794 codices
904 735 973 792 tres
1002 726 1141 790 minusc.
1167 727 1279 790 Holm.
1308 748 1383 789 cum
1411 746 1488 807 apo-

206 851 293 914 stolo
323 851 484 933 praebent
516 852 625 911 εόωκεν.
680 848 762 912 Cod.
795 863 817 915 a
849 854 961 913 autem
989 854 1067 932 post
1100 849 1184 928 ανεβη
1213 853 1247 909 et
1275 847 1489 926 ηχμαλωτευσεν

205 970 304 1036 tertio
335 970 409 1034 loco
434 970 537 1034 habet
565 969 672 1050 stadis·
717 969 810 1032 Quae
844 989 1056 1052 personarum
1084 965 1221 1032 variatio
1253 963 1373 1049 psalmi
1399 961 1488 1026 illius

206 1096 367 1154 contextu
395 1089 476 1154 satis
501 1088 695 1172 explicatur.
744 1089 827 1152 Cum
855 1087 941 1152 enim
971 1087 1071 1152 tertia
1101 1109 1242 1171 persona
1269 1107 1400 1150 versum
1430 1104 1489 1146 no-

206 1217 311 1274 strum
336 1217 371 1274 et
401 1209 577 1274 antecedat
601 1216 636 1272 et
666 1215 838 1291 sequatur,
870 1208 968 1274 facile
999 1207 1125 1272 scribae
1150 1206 1184 1270 in
1215 1207 1320 1270 altera
1349 1224 1489 1288 persona

206 1333 306 1412 ανεβης
327 1336 391 1395 eto.
416 1330 638 1394 offendebant.
683 1329 725 1392 Iu
747 1329 915 1392 codicibus
937 1335 1049 1392 autem
1065 1326 1232 1392 nonnullis
1249 1327 1372 1410 absque
1388 1321 1488 1387 dubio

206 1459 344 1534 utraque
378 1449 479 1514 lectio
516 1450 686 1528 exstabat,
723 1449 827 1514 altera
862 1449 895 1513 in
928 1455 1041 1527 textu,
1079 1449 1184 1512 altera
1218 1448 1259 1511 ad
1295 1443 1487 1528 marginem.

206 1571 288 1636 Inde
313 1570 441 1634 factum
470 1575 537 1648 est,
569 1576 608 1632 ut
635 1568 692 1632 alii
724 1576 897 1652 utramque
927 1568 1105 1632 lectionem
1135 1566 1347 1651 respicientes
1378 1585 1488 1648 perso·
1561 1591 1563 1595 v

207 1714 264 1754 nas
294 1690 482 1754 miscerent.
529 1689 577 1752 At
607 1689 705 1753 docet
735 1690 874 1766 itala,
908 1687 1068 1752 eiusmodi
1097 1687 1298 1751 mutationes
1329 1681 1488 1766 antiquis-

206 1810 297 1874 simis
321 1809 526 1893 temporibus
549 1808 743 1874 tribuendas
766 1831 848 1873 esse.
895 1809 1006 1872 Etiam
1028 1807 1148 1872 Pauli
1168 1805 1325 1890 allegatio
1347 1803 1489 1888 primum

207 1953 281 1994 cum
304 1930 376 1994 eod.
395 1930 425 1995 B
446 1929 528 1993 facit
550 1919 704 2010 (αναβας),
729 1929 847 1993 deinde
870 1936 981 1992 autem
1004 1952 1078 1992 cum
1100 1927 1223 1992 codicis
1239 1941 1262 1994 a
1278 1927 1321 1989 al.
1344 1922 1488 1988 lectione

205 2049 326 2134 pergit.
350 2090 381 2097 —
402 2049 552 2132 Denique
570 2072 598 2110 εν
617 2057 785 2130 ardoenna·
803 2050 908 2117 &Bii
924 2056 958 2112 et
975 2049 1070 2112 codd.
1084 2051 1144 2112 105
1161 2047 1299 2110 minusc.
1317 2044 1487 2128 praebent,

207 2171 281 2234 edd.
301 2169 502 2252 Complut.
522 2171 612 2233 Ald.
630 2170 673 2234 al.
683 2194 692 2246 ;
717 2170 770 2235 Ba
785 2193 814 2232 ev
832 2175 1032 2250 automata—
1046 2190 1105 2236 τοις
1124 2173 1211 2247 urdo.
1228 2167 1317 2229 solus
1335 2165 1408 2228 cod.
1427 2165 1488 2226 276

207 2291 309 2354 habet
331 2289 398 2374 (qui
419 2300 518 2353 antea
540 2289 640 2354 etiam
658 2291 758 2350 εὸωκεν
788 2311 862 2352 cum
887 2290 990 2352 Paulo
1021 2289 1226 2374 praebebat).
1273 2287 1357 2348 Cum
1386 2281 1489 2366 igitur

205 2435 254 2471 xm
274 2409 309 2472 in
333 2409 476 2494 apostoli
500 2416 597 2472 textu
622 2410 813 2488 delendum,
842 2409 942 2473 tertia
970 2415 1081 2472 autem
1106 2429 1245 2491 persona
1269 2404 1311 2468 ad
1336 2401 1489 2484 antiquos

205 2537 311 2594 testes
326 2529 497 2594 referenda
514 2529 574 2608 sit,
601 2530 723 2594 Paulus
746 2550 784 2592 eo
806 2536 937 2592 tantum
959 2528 1142 2592 aversione
1158 2525 1300 2602 recedit,
1327 2523 1414 2606 quod
1429 2543 1488 2605 pro

206 2652 306 2733 ελαβες
324 2652 439 2727 topaza
456 2673 485 2710 εν
503 2655 591 2728 ανθρ.
609 2671 742 2713 sensum
759 2648 959 2712 contrarium
974 2649 1112 2730 praebet
1127 2649 1228 2708 εδωκεν
1246 2647 1308 2722 δομ.
1326 2664 1385 2710 τοις
1401 2647 1489 2720 cruc.

106 2854 108 2859 Α
211 2811 243 2819 -
263 2772 353 2834 Bene
370 2777 480 2834 autem
496 2769 697 2853 respondent
717 2768 811 2831 LXX
826 2767 887 2832 viri
906 2766 1069 2832 hebraicis
1091 2762 1153 2860 salt,
1173 2760 1261 2856 niti}
1284 2757 1388 2854 ritui
1409 2754 1488 2851 1⁵,be

206 2901 298 2983 03th
322 2889 426 2982 illimis
450 2884 552 2984 ηηῗὸ.
605 2889 779 2952 Quomodo
804 2887 974 2952 liberrima
998 2889 1080 2952 haec
1104 2884 1272 2970 allegandi
1295 2881 1397 2961 ratio,
1425 2903 1489 2963 qua

205 3011 281 3074 inde
298 3010 339 3074 ab
356 3007 592 3092 antiquissimis
608 3009 812 3092 temporibus
829 3011 1043 3072 vehementer
1063 3009 1257 3071 laborarunt
1278 3003 1486 3086 interpretes,

207 3129 330 3214 optime
342 3128 536 3212 explicetur,
554 3151 620 3192 non
631 3127 727 3191 huius
743 3128 810 3192 loci
820 3135 872 3192 est
882 3128 995 3192 multis
1007 3128 1211 3211 exponerc¹).
1235 3130 1394 3188 Nostrum
1404 3127 1486 3199 erat,

205 3249 377 3332 utriusque
393 3255 507 3312 textus
523 3248 667 3312 testibus
684 3247 861 3332 diligenter
884 3247 1081 3332 comparatis
1102 3246 1291 3322 ostendere,
1319 3264 1425 3326 neque
1448 3241 1487 3304 de

206 3368 296 3434 varia
314 3368 458 3434 lectione
480 3369 549 3432 ulla
570 3391 675 3452 neque
698 3369 737 3432 de
758 3375 871 3432 textus
894 3363 1040 3433 hebraici
1061 3390 1122 3430 usu
1141 3366 1228 3450 apud
1243 3363 1412 3428 Paulum
1434 3383 1487 3423 oo-

205 3489 306 3573 gitari
329 3511 442 3572 posse,
468 3489 533 3552 imo
560 3488 718 3554 versionis
741 3489 983 3554 Alexandrinae
1005 3487 1224 3552 mutationem
1249 3482 1400 3568 apostolo
1425 3478 1489 3564 ipsi

204 3609 413 3673 tribuendam
430 3631 512 3674 esse.

907 3768 975 3775 ⁴-—

293 3870 320 3932 1)
342 3871 378 3920 Ut
391 3887 458 3935 quae
472 3871 550 3920 nobis
567 3871 694 3920 videntur
710 3870 829 3920 breviter
846 3871 977 3920 dieamus:
998 3871 1078 3919 docet
1094 3870 1146 3918 iam
1159 3865 1330 3932 paraphrasis
1348 3861 1489 3912 chaldaica

205 3951 273 4033 (ltili
286 3945 347 4034 '⁸323
361 3963 427 4034 ’,ξηᾩ
441 3947 503 4034 tin}
515 3955 624 4034 κῇξηξ)
638 3961 757 4005 etvetus
771 3957 915 4021 syriaca,
934 3973 1012 4020 quam
1025 3957 1106 4004 etiam
1119 3953 1202 4003 Arabs
1216 3953 1350 4014 sequitur,
1370 3965 1419 3998 nso
1433 3963 1488 3997 non

206 4043 236 4092 Is
245 4043 333 4092 aalrii
346 4044 435 4108 glossa
448 4043 482 4091 ad
496 4043 522 4090 h.
536 4043 556 4091 l.
572 4039 710 4105 (dicendum
723 4043 761 4088 eat
774 4056 822 4103 pro
837 4042 884 4092 ‘ur
898 4032 977 4108 l'll'lpb
996 4039 1136 4102 „accepisti
1148 4036 1213 4084 dona
1226 4034 1261 4083 ud
1276 4031 1446 4083 distribuenda
1458 4047 1488 4078 ea

198 4127 267 4189 filiis
284 4126 450 4189 hominam“)‚
471 4127 568 4176 Pauli
587 4127 778 4192 allegationem
796 4127 830 4176 ad
849 4127 1102 4190 interpretationem
1119 4125 1173 4173 loci
1185 4124 1260 4173 illius
1273 4120 1488 4185 antiquissimam

206 4214 254 4278 (cf.
279 4215 313 4265 de
338 4214 468 4264 eiusmodi
492 4213 701 4278 allegationibus
725 4213 760 4262 ad
786 4213 979 4278 Haggadam
1005 4211 1207 4275 pertinentibus
1235 4203 1493 4269 llisenmeu'geri

205 4298 355 4348 Entdeckter
372 4297 491 4348 Judenrl.
515 4299 529 4346 I
550 4316 576 4363 p.
589 4299 641 4348 454
653 4297 707 4362 sq.)
729 4299 896 4348 referendam
915 4314 982 4348 esse.
1020 4297 1104 4346 Nobis
1122 4293 1340 4360 Riggenbach
1363 4287 1449 4356 (stad.
1463 4305 1487 4335 n.

205 4384 277 4436 Kar.
299 4388 375 4437 1855.
395 4403 422 4450 p.
436 4383 507 4448 595),
525 4385 560 4434 ad
573 4401 676 4436 versum
689 4385 722 4434 36
736 4384 854 4434 eiusdem
866 4384 963 4448 psalmi
982 4399 1139 4448 provocans,
1158 4383 1260 4432 invitus
1280 4394 1369 4428 verum
1388 4375 1488 4425 veteris

206 4469 363 4522 traditionis
377 4489 456 4536 supra
469 4475 689 4522 commemoratae
702 4472 807 4520 fontem
819 4471 927 4520 videtur
939 4470 1128 4533 investigasse.

1674 3953 1678 3984 l
