3376 5200
837 329 878 388 96

216 525 401 606 γαλιζομοοοο,
412 525 611 598 ακοατιζοοαος
627 551 743 607 ειρηοηο,
761 551 854 610 αοαγγ.
874 530 1059 608 αγαθοοκτλ.
1076 567 1105 576 -
1123 531 1282 612 Symm.:
1307 553 1333 588 τι
1351 551 1499 607 conponere

216 669 262 706 em
284 669 341 707 τωο
363 669 451 726 ορεωο
469 649 555 714 nobee
572 647 833 727 εοαγγελιζομεοου,
858 669 999 725 ακοοστηο
1017 669 1166 715 ποιοοοτος
1190 671 1296 726 cappam»
1313 649 1401 719 κτλ.,·
1415 669 1498 731 quae

217 772 330 829 nostro
356 765 465 828 textui
484 766 577 830 hebr.
601 766 684 830 benc
706 768 918 851 respondent.
966 766 1059 831 Quae
1082 774 1193 830 autem
1215 767 1249 831 in
1264 767 1386 830 nostris
1402 768 1499 831 LXX

217 884 361 948 virorum
386 885 627 968 exemplaribus
649 886 822 972 leguntur,
851 910 948 950 seusu
972 887 1069 970 plane
1093 893 1216 951 carent.
1263 888 1349 950 Nam
1374 886 1402 950 si
1427 886 1498 970 quis

217 1003 291 1067 voci
306 1026 369 1083 ωρα
387 1025 405 1067 e
422 1003 622 1068 Graecorum
644 1005 775 1070 dicendi
796 1006 923 1070 ratione
945 1007 1030 1070 veris
1046 1005 1213 1071 notionem
1230 1005 1407 1084 tribueret,
1434 1029 1500 1069 non

217 1124 315 1187 modo
331 1122 557 1207 praedicatum
574 1124 706 1189 omnino
723 1126 865 1204 deesset,
883 1149 995 1190 verum
1013 1126 1113 1191 etiam
1129 1128 1229 1191 verba
1251 1125 1422 1209 sequentia
1446 1121 1501 1205 (oe

218 1245 304 1310 αοόας
321 1233 396 1323 κτλ.)
415 1242 521 1307 insani
537 1251 648 1308 essent
669 1244 871 1328 interpretis,
918 1247 990 1310 lmo
1012 1245 1157 1310 dubitari
1177 1268 1244 1309 non
1266 1252 1394 1328 potest,
1422 1245 1500 1328 quin

217 1362 314 1426 LXX
338 1362 399 1427 viri
423 1362 487 1449 ipsi
511 1368 625 1448 (aeque
648 1387 686 1429 ac
701 1366 868 1450 Paulus)
891 1365 1096 1449 scripserint:
1121 1389 1161 1433 ως
1178 1388 1278 1446 ωραιοι
1295 1389 1321 1425 οι
1338 1366 1424 1432 rotae
1441 1368 1500 1424 κτλ.

218 1483 322 1546 Recte
338 1482 483 1547 bociam
498 1483 759 1569 Vitringam¹)
776 1485 952 1564 monuisse,
974 1485 1120 1549 omnium
1135 1486 1282 1570 locorum
1299 1485 1397 1548 docet
1413 1506 1500 1548 com·

216 1602 356 1686 paratio,
389 1602 507 1687 quibus
532 1603 627 1668 LXX
651 1605 773 1668 formas
803 1617 881 1697 einp,
907 1602 996 1698 Πῆκξ,
1023 1617 1100 1697 ⁷¹3⁸?
1131 1627 1249 1688 graece
1273 1604 1498 1668 reddiderunt.

217 1723 391 1807 Nusquam
414 1723 500 1787 enim
522 1723 556 1787 in
572 1723 731 1788 eiusmodi
753 1724 835 1788 locis
852 1725 967 1789 vocem
988 1748 1050 1804 ωρα
1074 1724 1237 1802 invenies,
1259 1723 1364 1787 sexies
1386 1730 1498 1786 autem

217 1865 324 1922 ωραιος
351 1844 437 1926 (Joel
454 1847 483 1922 l,
504 1848 542 1908 19
566 1856 600 1908 et
616 1848 667 1908 20.
694 1845 790 1907 Cant.
810 1850 839 1922 2,
859 1849 910 1909 14.
935 1849 966 1922 4,
985 1849 1014 1908 3.
1041 1850 1070 1922 6,
1089 1848 1119 1908 3.
1145 1844 1266 1908 'lhrem
1286 1849 1315 1922 2,
1335 1846 1382 1927 2),
1408 1865 1500 1926 prae-

217 1969 309 2026 terea
328 1964 446 2026 semel:
471 1987 498 2024 u
515 1970 711 2044 ωραιωθησαο
736 1963 845 2047 (Cant.
865 1968 894 2043 1,
916 1967 977 2047 10).
1030 1963 1112 2027 Inde
1134 1970 1285 2046 apparet,
1312 1965 1421 2026 locum
1443 1985 1500 2024 no·

218 2089 321 2146 strum
346 2105 458 2166 eorum
479 2105 614 2147 numero
637 2083 755 2147 ascribi
777 2107 844 2147 non
865 2083 1028 2167 potuisse,
1056 2083 1111 2167 qui
1133 2084 1285 2174 consulte
1306 2082 1443 2146 aPaulo
1460 2081 1501 2145 ad

218 2225 366 2266 normam
381 2209 494 2266 textus
512 2204 604 2267 hebr.
622 2203 776 2268 videntur
792 2203 968 2267 emendati.
1015 2203 1100 2266 Nam
1117 2202 1260 2266 lectione
1277 2225 1340 2282 ωρα
1354 2201 1389 2264 in
1402 2223 1502 2281 ωραιοι

219 2329 253 2385 et
270 2344 310 2390 ως
324 2325 388 2382 not.
407 2322 441 2386 iu
451 2346 476 2384 οι
487 2326 550 2384 noo.
569 2330 698 2387 mutata
713 2345 774 2388 nec
791 2347 857 2386 non
872 2345 952 2386 voce
970 2347 1009 2392 ως
1023 2330 1100 2386 aute
1116 2345 1208 2402 svcyy.
1221 2321 1362 2385 alterum
1378 2321 1500 2398 deleta,

217 2441 312 2504 LXX
327 2441 472 2506 virorum
487 2449 600 2506 textus
617 2442 770 2507 hebraico
788 2443 868 2507 satis
884 2417 1074 2527 respondet,
1098 2441 1161 2504 nisi
1177 2441 1264 2524 quod
1284 2452 1400 2507 vllam
1415 2439 1500 2502 falso

218 2561 463 2626 substantivum
480 2570 678 2647 acceperunt
699 2562 805 2647 (quasi
820 2570 908 2626 esset
925 2573 1039 2652 mult
1056 2560 1124 2625 sive
1141 2574 1256 2639 romb,
1279 2581 1392 2634 rumor,
1411 2559 1499 2622 aodi-

218 2683 284 2766 lio).
331 2683 514 2766 Apostolus
539 2681 642 2766 igitur
667 2705 705 2746 eo
728 2684 768 2747 ab
792 2690 931 2765 utroque
947 2688 1045 2744 textu
1060 2679 1200 2757 recedit,
1228 2679 1317 2763 quod
1332 2680 1432 2742 verba
1456 2700 1501 2740 αα

217 2825 370 2881 europem
385 2809 423 2864 ut
439 2810 634 2885 argumento
651 2825 709 2865 suo
727 2825 841 2885 parum
859 2824 1002 2865 consona
1020 2798 1140 2878 omisit,
1160 2821 1217 2882 pro
1234 2800 1357 2877 ευαγγελ.
1371 2799 1500 2881 (iterum

219 2943 235 2984 e
253 2928 429 2984 contextus
446 2920 496 2983 sui
512 2920 634 3004 indole)
645 2921 807 3004 pluralem
822 2943 993 2986 numerum
1012 2920 1160 3002 praebet,
1178 2918 1305 3001 reliqua
1320 2917 1354 2982 in
1369 2917 1501 2982 brevius

219 3040 395 3104 contraxit.

708 3215 830 3270 Iacens
848 3214 1010 3268 mlx.

570 3353 586 3414 l
605 3349 680 3413 Cor.
699 3353 750 3428 14,
770 3353 808 3414 21
830 3348 872 3412 cf.
890 3351 959 3412 Jes.
978 3354 1029 3426 28,
1049 3351 1084 3412 ll
1099 3371 1149 3430 sq.

299 3524 358 3599 Ἐν
377 3533 425 3624 τῷ
445 3521 542 3623 νόμῳ
560 3521 757 3626 γέγραπται
776 3521 832 3597 ὅτι
856 3532 894 3597 ἐν
913 3521 1188 3625 ἑτερογλώσσοις
1211 3526 1270 3597 καὶ
1294 3530 1331 3595 ἐν
1349 3526 1502 3616 χείλεσιν

219 3658 350 3763 ἑτέρων
378 3665 616 3754 (Tischend.
651 3659 806 3758 ἑτέροις)
840 3656 984 3758 λαλήσω
1014 3669 1061 3758 τῷ
1089 3663 1163 3758 laq}
1192 3656 1307 3756 τούτῳ
1334 3662 1395 3732 καὶ
1414 3657 1499 3732 ὀὐδ’

219 3795 334 3888 οὕτως
351 3794 631 3874 εἰσακούσονταί
645 3827 739 3892 μου,
768 3793 857 3889 λέγει
875 3793 1008 3896 κύριος.

305 3949 372 4016 VV.
389 3949 457 4016 IrIr.
502 3946 576 4015 PG:
596 3968 705 4028 ετεραις
717 3955 859 4025 γλωσσαις
876 3946 930 4029 (cf.
949 3969 1031 4029 quae
1048 3921 1231 4028 sequuntur
1244 3947 1360 4024 χειλεσα
1371 3932 1501 4026 crepare).

224 4109 255 4117 —
264 4070 331 4150 χαλ.
349 4091 453 4148 erapou-
470 4067 630 4151 praebent
646 4064 830 4134 BEFGKL
847 4067 890 4130 al.
908 4066 1066 4149 plerique,
1084 4086 1186 4129 verss.
1204 4071 1242 4127 ut
1258 4064 1357 4128 vidtr.
1375 4087 1499 4142 omnes,

221 4189 331 4272 Orig.
350 4189 490 4272 Chrys.
509 4187 700 4249 'lheodrt
718 4187 780 4262 al.;
799 4193 915 4250 contra
930 4209 1031 4265 οτερωο
1047 4183 1184 4253 uABal.
1198 4189 1228 4262 8,
1247 4184 1343 4247 codd.
1362 4183 1500 4246 minusc.

306 4417 333 4480 1)
353 4415 395 4466 Cf.
412 4412 501 4463 Conon.
514 4413 540 4461 in
556 4411 678 4473 λασίοισι,
696 4410 735 4459 ed.
748 4409 872 4473 Herbcrn.
893 4412 930 4461 11.
950 4427 977 4475 p.
992 4412 1059 4468 7565
1078 4411 1114 4460 cf.
1129 4411 1211 4460 ctiam
1229 4409 1420 4466 Bleakium,
1439 4405 1500 4456 Elu-

219 4502 311 4568 leitunp
323 4501 348 4551 in
361 4501 406 4550 den
419 4498 467 4551 Br.
481 4516 514 4548 an
527 4497 565 4548 die
577 4497 665 4560 Heba,
686 4504 751 4549 nota
763 4499 823 4548 470.
