3376 5200
766 315 935 408 „Al-⁵„

294 519 361 586 VV.
377 518 446 584 LL.
470 519 533 581 Pro
551 539 626 594 ομας
645 517 718 580 eod.
736 515 760 584 G
782 479 918 600 presbet
937 537 1043 584 αυεονς
1058 519 1159 600 (certe
1175 517 1280 600 priore
1296 518 1370 581 loco
1378 541 1388 594 ;
1407 517 1491 581 alter

210 637 389 721 rescriptus
406 640 481 722 est).
499 731 504 736 .
520 637 608 701 Item
625 651 666 704 κθ
684 635 752 700 bis:
782 658 888 704 αντονς
910 635 995 720 (vide
1011 636 1132 724 Lxx).

295 774 404 841 LXX.
435 758 532 854 κάγώ
552 757 801 861 παραζηλῶσαι
821 757 956 850 αὐτοὺς
973 759 1030 834 ἐπ>
1051 758 1115 834 οὐκ
1128 767 1258 849 ἐθνει,
1285 765 1342 834 ἐπὶ
1363 762 1426 857 [ita
1442 776 1489 838 ed.

211 913 314 986 Rom„
341 911 461 978 eod.B
484 932 524 974 ex
540 910 620 975 edit.
639 913 738 995 Ang.
756 909 854 974 Maii
880 897 958 992 ἐπ’]
988 904 1089 971 ἐθνει
1116 895 1278 995 ἀσυνέτῳ
1305 903 1490 1002 παροργιῶ
1591 985 1594 991 ,

211 1031 354 1125 αὐτούς.

294 1169 362 1235 VVL
378 1169 446 1236 LL.
469 1169 592 1232 nullius
609 1166 785 1244 momenti;
811 1190 892 1251 quos
910 1166 996 1231 enim
1011 1176 1143 1251 patrum
1159 1167 1250 1232 locos
1266 1168 1379 1232 Holm.
1397 1170 1492 1232 affert

210 1289 404 1352 omittentes
423 1312 487 1360 και,
505 1309 579 1366 ομας
597 1288 793 1370 praebentes
809 1310 867 1371 pro
887 1309 1005 1360 αυτονς,
1030 1310 1142 1352 omnes
1168 1309 1185 1350 e
1207 1287 1325 1352 Pauli
1349 1289 1490 1352 auetori-

210 1415 280 1471 tate
305 1408 463 1492 pendent.
490 1447 515 1452 --
545 1407 728 1492 Apostolus
754 1413 865 1470 autem
890 1429 963 1470 oum
985 1409 1103 1471 Mosen
1127 1407 1271 1471 Judaeos
1295 1408 1384 1492 ipsos
1409 1409 1491 1472 allo-

212 1534 368 1610 quentem
384 1526 495 1605 faeiat,
515 1527 696 1590 orationem
712 1498 822 1612 reddit
838 1527 1040 1592 alacriorem.
1523 1619 1526 1626 .

296 1647 467 1712 Hebraicis
493 1659 619 1741 Βρῢῑῡγς
634 1642 687 1738 533
702 1645 770 1740 tlt}
789 1643 917 1740 ursella
938 1660 1059 1743 ῦζςᾙρῐς
1084 1661 1150 1741 ³353
1171 1649 1275 1713 versio
1292 1649 1389 1713 Alex.
1407 1649 1491 1713 bene

210 1767 397 1850 respondet.
423 1767 601 1852 Zelotypos
619 1774 730 1832 antem
746 1768 825 1832 deus
843 1790 859 1831 e
876 1767 1040 1832 sententia
1056 1775 1173 1852 poetae
1184 1769 1354 1834 Israelitas
1370 1769 1490 1849 reddit,

211 1887 299 1970 quod
314 1887 465 1970 gentium
480 1888 726 1972 peregrinarum
743 1888 922 1952 calumnias
939 1896 973 1952 et
989 1888 1123 1954 iniurias
1140 1889 1299 1954 admittit.
1345 1892 1490 1974 Aposto-

210 2005 262 2068 lus
279 2007 393 2070 eadem
408 2009 508 2071 verba
524 2007 564 2071 de
580 2007 753 2072 vocatione
769 2009 919 2092 gentium
936 2009 1110 2092 accipiens,
1135 2034 1198 2094 qua
1214 2009 1331 2074 Judaei
1346 2011 1388 2074 ad
1404 2011 1491 2074 zelo-

211 2124 339 2210 typiam
363 2122 559 2204 excitentur,
586 2102 733 2210 inprimis
758 2128 891 2192 notione
917 2130 1090 2192 verborum
1117 2153 1186 2203 „ocu
1204 2127 1309 2198 εθνος“
1336 2130 1368 2216 (i.
1387 2153 1415 2195 e.
1439 2131 1492 2216 qui

211 2231 310 2308 οέἐαε
331 2269 391 2310 ποτε
414 2252 480 2309 erat
495 2249 631 2330 γογαίνε
651 2247 712 2329 dci)
733 2252 767 2310 et
786 2246 955 2319 ,,ασονετος“
978 2249 1046 2333 (qai
1071 2249 1120 2312 clei
1144 2251 1243 2313 adhuc
1267 2251 1386 2315 αεεεὶαε
1410 2258 1491 2332 erat)

211 2364 273 2428 niti
294 2365 435 2430 videtur.

725 2625 847 2684 Locus
865 2615 982 2684 nn.

604 2762 700 2826 Rom.
719 2767 769 2842 10,
789 2767 828 2828 20
846 2763 976 2830 elles.
995 2770 1046 2844 65,
1065 2769 1095 2830 l.

292 2933 446 3026 Ἡσαΐας
463 2938 501 3010 δὲ
520 2933 712 3037 ἀποτολμᾷ
735 2942 794 3012 καὶ
818 2942 907 3032 λέγει
934 2940 1103 3042 Εὑρέθην
1126 2955 1202 3032 τοῖς
1219 2948 1280 3038 ἐμὲ
1297 2939 1348 3042 μὴ
1368 2945 1491 3043 ζητοῦ-

211 3098 282 3160 σιν,
302 3068 467 3174 ἐμφανὴς
489 3071 660 3174 ἐγενόμην
678 3088 752 3166 τοῖς
768 3083 830 3170 ἐμὲ
846 3075 897 3177 μη
917 3083 1153 3178 ἐπερωτῶσιν.

295 3222 455 3287 Lachm.
473 3231 550 3308 post
567 3231 689 3307 εορεθην
713 3225 747 3289 in
771 3226 863 3290 uncis
888 3227 981 3292 addit
1003 3251 1031 3291 εν
1053 3251 1127 3293 eum
1143 3228 1290 3298 lintre
1302 3230 1333 3316 f
1344 3255 1366 3312 ρ
1387 3252 1488 3294 verss.

209 3342 310 3406 ochid.
329 3345 429 3424 ooth„
456 3345 683 3409 Ambrostr.
730 3347 815 3410 Item
841 3370 870 3408 εν
888 3358 963 3431 post
983 3371 1112 3428 εγενομην
1134 3371 1209 3413 cum
1224 3351 1309 3417 BD*
1325 3350 1406 3413 Ruf
1424 3353 1460 3430 (d
1475 3374 1491 3413 c

210 3463 452 3525 Ambrostr.:
477 3463 619 3526 invectae
634 3487 697 3526 scm
714 3465 795 3528 inter
811 3474 886 3546 ecs).
922 3466 1045 3530 Contra
1061 3492 1089 3530 εν
1108 3469 1268 3532 omittunt
1283 3467 1440 3536 &ACIW
1456 3477 1490 3533 et

209 3569 333 3646 fflEL
358 3579 401 3643 al.
427 3587 466 3642 ut
490 3579 621 3644 videtur
644 3605 767 3661 omnes,
793 3586 958 3666 ἀτονία,
985 3593 1078 3668 copi„
1104 3610 1164 3673 ιγν.
1189 3555 1338 3673 utraqire,
1366 3589 1487 3652 Clem.

211 3697 350 3784 Chrys.
369 3698 561 3763 Theodrt.
579 3700 658 3767 Hil.
681 3709 745 3766 ete.
792 3703 942 3788 Denique
968 3707 989 3769 d
1004 3687 1027 3769 ε
1048 3706 1128 3770 Hil.
1155 3709 1355 3774 Ambrstr.
1382 3707 1489 3792 priore

209 3817 283 3882 loco
304 3818 464 3904 praebent
485 3843 586 3900 εμφιιν.
604 3844 681 3902 cysa,
705 3824 809 3888 altero
828 3831 958 3905 εορεθην.
998 3825 1091 3892 Quae
1115 3826 1257 3892 inversio
1282 3830 1405 3914 absque
1430 3829 1489 3892 du·

96 3933 103 3942 '
209 3937 263 4002 bio
280 3960 297 4002 e
312 3938 410 4004 LXX
425 3939 503 4004 viris
519 3939 614 4006 illata
629 3950 691 4008 est.

294 4075 393 4142 LXX
416 4078 490 4142 edit.
508 4079 614 4144 Rom:
644 4065 809 4171 ἐμφανης
836 4067 1015 4170 ἐγενήθην
1043 4085 1118 4163 τοῖς
1145 4078 1208 4167 ἐμὲ·
1234 4072 1285 4172 μη
1309 4076 1489 4176 ἐπερωτῶ-

209 4223 281 4288 σιν,
310 4197 468 4302 εύρέθην
487 4216 562 4294 τοῖς
580 4211 642 4302 ἐμὲ
658 4203 709 4306 μη
729 4207 909 4306 ζητοῦσιν.

293 4351 360 4418 VV.
382 4351 450 4419 LL.
487 4376 616 4434 εγενομην
640 4363 679 4419 ut
702 4356 855 4421 Paulus
889 4357 1039 4424 scribunt
1069 4357 1122 4428 &A
1147 4367 1181 4424 et
1204 4359 1364 4425 tredecim
1390 4360 1486 4456 ceddi.

208 4467 347 4536 minusc.
372 4471 484 4538 Holm.
512 4514 543 4522 —
569 4474 672 4542 Vides
696 4475 800 4563 igitur
822 4479 991 4543 Paulum
1016 4481 1079 4543 hoe
1103 4481 1177 4545 loeo
1201 4479 1380 4546 lectionem
1403 4480 1487 4547 enti·
