3376 5200
764 307 935 402 joc—-

211 513 379 597 gationem
396 511 583 575 memoriter
598 509 679 588 fieri,
696 509 760 572 iam
777 511 876 573 verba
892 509 999 592 priora
1015 514 1127 590 aperte
1144 507 1382 570 demonstrant.
1408 507 1490 570 Ver·
1527 519 1532 534 ·

211 632 312 695 sionis
334 631 420 695 enim
441 630 500 694 illa
523 633 583 690 ιδου
601 651 654 708 εγω
672 632 732 710 εμβ.
750 650 788 696 εις
804 651 842 688 τα
861 635 929 706 dep.
948 627 1054 690 multo
1077 625 1258 710 simplicius
1280 625 1405 688 reddit:
1431 628 1490 685 ιδου

210 758 309 828 τιθημι
322 752 356 833 ¹).
402 748 537 832 Lapidis
558 754 667 810 autem
690 747 855 810 mentione
877 747 993 810 habita
1012 745 1122 808 subito
1143 745 1184 808 ad
1206 743 1373 828 proprium
1395 767 1490 826 argu·

211 878 360 934 mentum
375 868 501 953 pergit,
524 867 644 931 iterum
662 866 727 930 loci
742 867 877 930 alterius
895 869 924 950 (J
927 887 973 930 es.
992 871 1022 943 8,
1043 867 1093 948 14)
1110 887 1268 926 summum
1292 863 1394 926 libere
1406 864 1490 926 elle·
1583 867 1587 873 '

210 1013 304 1074 gens.
352 989 553 1072 Apostolum
577 993 688 1050 autem
714 1008 748 1050 re
772 1007 849 1050 vera
873 985 991 1069 lapidis
1017 983 1183 1048 mentione
1205 983 1385 1051 adductum
1407 1005 1489 1061 esse,

210 1117 249 1172 ut
271 1109 312 1172 ad
335 1107 451 1191 cepitis
474 1105 584 1170 octavi
602 1107 703 1169 verba
718 1105 885 1184 transiret,
909 1104 1049 1168 maxime
1072 1126 1110 1166 eo
1128 1103 1376 1186 comprobatur,
1404 1103 1492 1186 quod

214 1228 285 1292 voci
301 1230 386 1288 λιθον
403 1227 500 1310 plane
516 1225 603 1288 idem
620 1226 818 1288 vocabulum
834 1224 942 1302 addit,
970 1224 1059 1307 quod
1078 1222 1147 1286 illio
1165 1228 1243 1305 post
1266 1224 1353 1282 λιθου
1368 1221 1492 1304 legitur

211 1337 412 1426 (cononum).
441 1346 534 1408 Quae
551 1345 766 1408 antecedunt:
790 1365 869 1405 εσται
886 1365 930 1405 σοι
947 1365 986 1410 εις
1003 1364 1131 1422 αγιασμα
1146 1340 1339 1425 simpliciter
1353 1340 1489 1418 omittit3

211 1488 278 1528 non
293 1465 401 1528 minus
417 1487 434 1528 c
451 1464 665 1548 sequentibus
681 1487 746 1526 non
762 1463 825 1526 nisi
841 1485 879 1526 eo.
894 1461 1072 1546 depromit,
1098 1482 1180 1544 quac
1203 1461 1244 1524 od
1260 1467 1492 1542 argumentum

210 1606 286 1648 vere
311 1583 490 1668 pertinent.
537 1557 671 1666 Proprie
696 1582 897 1673 pergendum
925 1588 1010 1644 erat:
1042 1605 1089 1642 και
1107 1604 1215 1660 nesporo
1233 1601 1404 1658 cumputo&
1434 1581 1493 1644 sed

212 1705 487 1787 quemadmodum
503 1709 601 1766 antea
617 1723 711 1764 casus
727 1707 914 1764 mutaverat
930 1699 1015 1784 (vide
1026 1699 1145 1784 LXX),
1163 1699 1211 1762 ita
1227 1722 1314 1762 nuno
1329 1701 1491 1764 vocabulo

211 1823 318 1887 minus
334 1822 458 1886 usitato
475 1845 579 1898 πτωμα
590 1822 613 1904 ²)
631 1843 703 1883 enm
718 1842 833 1884 vocem
849 1818 1038 1897 substituit,
1057 1842 1120 1902 qua
1135 1818 1231 1882 LXX
1247 1818 1308 1882 viri
1323 1827 1493 1902 praeterea

211 1944 303 2006 hebr.
321 1953 410 2028 ΌΡἹὉ
425 1942 479 2004 vel
494 1936 599 2007 5111311
614 1940 750 2003 reddere
767 1940 920 2022 solent³).
967 1939 1051 2001 Cum
1067 1945 1177 2002 autem
1199 1941 1262 2002 hoc
1279 1941 1491 2022 comprobare

211 2061 274 2126 sibi
295 2059 534 2145 proposuisset,
561 2060 704 2122 Judaeos
725 2058 888 2142 inlepide
910 2059 968 2122 illo
991 2059 1194 2122 offendentes
1216 2059 1258 2121 ad
1273 2059 1381 2142 legem
1398 2059 1492 2122 iusti-

211 2181 276 2244 tiae
300 2179 467 2264 pervenire
489 2202 554 2244 non
574 2178 722 2262 potuisse
729 2228 739 2257 ,
765 2178 883 2241 iterum
906 2178 948 2242 ad
967 2177 1107 2261 priorem
1124 2179 1251 2242 Jesaioe
1267 2179 1378 2241 locum
1393 2179 1490 2258 redit,

211 2299 369 2364 versionis
390 2300 491 2363 verba
512 2306 659 2362 extrema
684 2297 864 2386 simplicius
886 2297 933 2362 ita
952 2297 1129 2381 recipiens:
1155 2321 1203 2358 και
1218 2321 1234 2358 o
1252 2319 1326 2358 ntor.
1345 2294 1392 2358 εντ’
1414 2323 1492 2359 noro

211 2444 245 2480 ov
263 2425 550 2498 καταισχυνθησεται.
598 2417 699 2481 Vides
715 2417 828 2500 igitur,
845 2418 899 2480 vel
914 2417 1115 2481 liberrimam
1137 2416 1307 2499 utriusque
1329 2417 1395 2480 loci
1411 2419 1491 2482 ulle-

210 2539 376 2622 gationem
400 2545 434 2601 et
456 2561 473 2601 e
493 2537 652 2602 versionis
669 2539 766 2600 Alex.
785 2537 894 2600 verbis
917 2543 951 2600 et
972 2558 1012 2600 ex
1034 2523 1411 2619 argumentibipostolici
1427 2538 1490 2600 fine

209 2659 257 2722 ite
273 2658 429 2742 explicari
444 2679 552 2741 posse,
572 2665 611 2720 ut
627 2657 758 2721 minime
775 2657 966 2734 habeamus,
985 2677 1042 2718 cur
1058 2655 1310 2719 cumBleolrio
1327 2657 1489 2720 detextus

211 2780 305 2842 hebr.
322 2802 384 2842 usu
401 2777 596 2861 cogitemus.

288 3381 316 3444 1)
330 3382 475 3440 Quominus
488 3382 553 3430 haer
566 3381 600 3429 sd
611 3396 727 3428 normam
739 3384 829 3428 textus
841 3379 958 3428 hebraici
969 3379 1110 3428 emendata
1120 3380 1238 3429 dicamus
1251 3379 1298 3442 (of.
1309 3381 1331 3426 B
1340 3381 1427 3429 leski
1435 3397 1492 3438 um,

211 3465 353 3530 Eioleimnp
374 3482 427 3514 zum
443 3465 489 3514 Br.
507 3464 593 3514 codic
610 3463 688 3513 Hebr.
711 3483 735 3529 p.
750 3464 812 3528 354)
835 3466 981 3528 prohibent
1003 3466 1082 3514 verbs
1099 3466 1248 3528 sequentis,
1272 3481 1339 3528 quim
1358 3482 1492 3530 prorsusu

211 3554 343 3617 propheto
354 3552 494 3602 recedunt.

298 3671 326 3735 2)
345 3689 440 3730 πτωμα
460 3672 489 3720 in
510 3687 579 3720 novo
600 3675 666 3720 test.
689 3687 834 3735 nusquam,
859 3677 890 3720 ut
911 3671 981 3734 apud
1003 3670 1080 3729 LXX,
1105 3669 1197 3733 lapsum
1218 3672 1261 3720 vel
1283 3669 1418 3732 interitum,
1445 3673 1493 3721 sed

180 3801 182 3806 .
214 3759 311 3822 ubique
333 3772 422 3818 corpus
443 3757 578 3818 collapsum
600 3755 730 3819 (cadaver)
752 3757 901 3820 significet,
924 3757 1078 3806 certano.
1092 3760 1134 3814 24,
1147 3759 1190 3806 28.
1209 3757 1292 3806 Mero.
1307 3759 1331 3815 6,
1345 3760 1387 3808 29.
1409 3760 1491 3821 Apco.

213 3846 254 3901 11,
273 3847 341 3907 8sq.

298 3961 325 4025 ³)
350 3961 392 4012 Cf.
414 3962 636 4011 Schleusncri
660 3959 719 4010 tter.
746 3962 794 4010 sub
816 3977 880 4010 voce
903 3961 1056 4010 onaodaloo.
1107 3961 1140 4009 In
1161 3961 1257 4010 Pauli
1279 3963 1401 4026 epistolis
1423 3964 1493 4012 idem

213 4049 369 4096 vocabulum
387 4048 472 4096 sexies
485 4048 598 4112 legitur:
619 4049 693 4096 Rom.
713 4049 799 4104 14,13
823 4049 995 4096 coniunctum
1015 4063 1074 4096 cum
1092 4062 1265 4114 acconense,
1287 4049 1361 4098 Rom.
1377 4051 1447 4106 ll‚9
1467 4049 1493 4111 (o

214 4134 257 4182 Ps.
271 4132 316 4196 69)
343 4134 516 4181 coniunctum
545 4149 603 4181 cum
629 4151 724 4194 noym,
747 4131 835 4181 lCor.
851 4136 873 4190 1,
888 4135 929 4181 23.
955 4133 1110 4190 Ga1.5,11.
1135 4133 1210 4181 Rom.
1226 4133 1323 4189 16,17.
1360 4133 1393 4182 In
1415 4135 1492 4183 hexo-

214 4221 317 4283 plorum
336 4219 457 4280 reliquiis
474 4218 582 4281 Aquil.
604 4223 631 4266 et
645 4217 717 4282 Sym
724 4235 758 4266 m.
777 4223 849 4268 certe
868 4221 897 4267 in
915 4220 1001 4268 ultoro
1019 4218 1190 4267 hemistichio
1204 4217 1321 4267 reddunt
1337 4218 1493 4267 excoriator.

213 4305 310 4353 Mirum
323 4308 365 4354 est
378 4303 449 4367 quod
462 4304 543 4364 otium
555 4304 584 4353 in
597 4305 656 4352 loco
670 4307 684 4352 1
695 4305 767 4354 Petr.
782 4307 806 4362 2,
819 4305 835 4355 7
847 4305 928 4353 verbu
940 4304 1018 4359 λιθος
1030 4319 1179 4370 προσκομμ.
1193 4321 1237 4352 και
1249 4320 1334 4369 napa
1347 4304 1495 4353 σκανδαλου

213 4390 358 4438 coniuncto
370 4391 506 4454 leguntur.
544 4390 688 4452 Apostolus
703 4406 767 4440 voce
781 4390 927 4440 σκανδαλον
938 4391 1054 4440 fortusse
1067 4391 1192 4446 cavebat,
1210 4405 1244 4440 no
1264 4391 1322 4455 quis
1340 4390 1373 4438 de
1387 4391 1494 4454 proprio

213 4492 353 4535 irrumator
363 4476 474 4525 notione
487 4475 628 4540 cogitaret.
