3376 5200
892 290 951 355 110

364 493 466 558 Vides
489 493 607 589 igitur,
632 516 669 558 eo
691 517 751 559 nos
768 494 903 574 adduci,
926 502 965 558 ut
981 496 1121 558 Paulum
1137 495 1284 579 exceptis
1300 497 1382 560 locis
1399 497 1464 561 illis
1482 500 1560 562 duo-

279 615 341 678 bus
362 613 483 697 ubique
506 636 522 677 e
544 614 693 678 versione
715 615 812 678 Alex.
830 615 1029 698 pendentem
1052 615 1214 694 dicamus,
1239 637 1314 679 cum
1337 617 1452 680 eloois
1469 625 1559 682 octo-

279 733 374 816 ginta
399 734 526 798 duobus
549 739 590 799 34
614 741 777 812 accurate,
803 733 1012 814 soliterius,
1039 735 1126 817 quod
1151 735 1354 814 memoriter,
1381 738 1561 800 secundum

279 853 374 916 LXX
390 853 477 916 viros
493 855 619 918 afferat.
667 855 717 916 Ex
739 853 790 918 his
812 853 910 918 simul
926 853 1036 918 videre
1053 855 1147 933 licet,
1171 878 1249 918 num
1270 862 1360 919 recte
1377 855 1524 920 iudicent
1539 857 1561 919 ii

184 1061 188 1071 Ι
280 975 431 1056 (quorum
446 973 480 1036 in
496 996 630 1037 numero
647 973 700 1037 vel
716 973 928 1037 Bleekium
944 973 1094 1057 invenis),
1119 975 1174 1057 qui
1190 976 1379 1058 apostolum
1389 976 1465 1060 fere
1487 999 1560 1038 eem-

273 1115 332 1174 per
354 1115 428 1156 cum
450 1093 546 1156 LXX
567 1093 644 1158 viris
673 1092 807 1172 fecisse,
837 1100 873 1156 at
897 1100 994 1158 textu
1022 1116 1133 1158 eorum
1160 1093 1293 1178 gravius
1319 1095 1492 1159 aberrante
1520 1096 1561 1158 ad

181 1225 183 1230 '
280 1213 467 1276 hebraicam
489 1211 663 1275 veritatem
685 1212 821 1276 rediisse
843 1213 1022 1278 affirmant.
1068 1215 1141 1277 Imo
1165 1214 1317 1297 equidem
1333 1237 1374 1277 ex
1389 1214 1440 1277 his
1458 1214 1560 1276 omni-

280 1333 341 1394 bus
366 1354 558 1415 persuasum
582 1332 662 1395 mihi
687 1333 810 1411 habac,
837 1334 1023 1416 apostolum
1049 1357 1196 1418 coaequam
1220 1335 1357 1396 unacco
1378 1333 1560 1398 versionem

280 1453 378 1515 Alex.
402 1451 590 1535 reliquisse,
617 1451 747 1514 etiamsi
767 1454 831 1522 hoc
853 1453 1013 1528 concede,
1036 1453 1070 1516 in
1090 1451 1274 1536 allegandis
1291 1451 1373 1516 locis
1389 1452 1560 1536 perpaucis

280 1570 432 1654 (fortasse
463 1573 527 1635 huc
557 1570 720 1635 referendi
751 1580 829 1634 sunt
858 1574 954 1662 Rom.
979 1576 1029 1649 la,
1050 1576 1100 1635 19.
1137 1573 1245 1636 lCor.
1271 1577 1320 1650 15,
1339 1576 1390 1654 54)
1422 1573 1559 1636 Paulum

279 1697 393 1754 textus
410 1689 556 1754 hebraici
571 1712 674 1774 aeque
691 1713 728 1754 ac
744 1690 902 1754 versionis
920 1690 1100 1754 Alexandr.
1118 1690 1220 1754 fuisse
1237 1713 1424 1754 memorem.

365 1811 474 1873 Quam
497 1809 723 1891 quaestionem
752 1816 923 1893 praeterea
943 1810 1083 1892 Koppe
1098 1811 1120 1892 ¹)
1145 1809 1260 1888 movit,
1286 1833 1366 1872 num
1390 1811 1561 1894 apostolus

279 1929 382 1992 libere
398 1939 494 1992 vetus
509 1935 644 1992 testam.
662 1928 868 2012 allegaverit,
886 1952 927 1992 an
942 1927 1062 1992 librum
1080 1929 1274 2006 evolvendo,
1291 1928 1415 1992 tabulis
1432 1953 1450 1992 a
1466 1929 1561 1992 nobis

279 2047 457 2131 propositis
473 2029 584 2131 aliqua
599 2071 640 2112 ex
658 2055 751 2130 parte
774 2049 816 2111 ad
835 2049 934 2112 finem
955 2048 1157 2131 perducitur.
1203 2049 1354 2110 Paulus
1376 2049 1460 2112 enim
1487 2071 1561 2111 cum

279 2169 371 2232 locos
387 2173 428 2231 48
444 2167 547 2230 libere
563 2167 585 2230 i.
598 2190 627 2231 e.
645 2169 768 2250 absque
784 2167 884 2231 dubio
901 2167 1089 2231 memoriter
1106 2168 1231 2245 afferat,
1249 2166 1366 2250 reliqui
1382 2174 1493 2230 autem
1507 2172 1558 2245 34,

281 2288 335 2370 qui
352 2295 503 2351 accurate
520 2286 661 2350 versioni
677 2288 894 2370 respondent,
913 2311 1013 2370 quum
1029 2286 1187 2350 brevioris
1204 2286 1271 2349 sint
1286 2287 1473 2369 argumenti
1488 2294 1560 2348 tum

280 2408 322 2471 ad
337 2406 488 2470 eximiam
514 2406 662 2489 inprimis
683 2407 913 2488 pentateuchi,
940 2406 1084 2484 Jesaiae,
1111 2407 1311 2489 psalmorum
1336 2403 1559 2485 cognitionem

279 2526 392 2590 referri
414 2526 543 2609 possint
565 2529 617 2610 (ex
637 2525 688 2588 his
711 2525 798 2590 enim
820 2532 972 2590 accurate
989 2527 1169 2590 afferuntur
1184 2524 1250 2587 loci
1266 2526 1317 2606 31)
1338 2523 1429 2586 locos
1446 2545 1559 2586 omnes

280 2645 475 2709 memoriter'
490 2670 509 2709 a
524 2647 627 2708 Paulo
651 2646 803 2708 laudatos
826 2645 933 2708 dicere
961 2644 1092 2708 minime
1122 2643 1251 2708 dubito.
1298 2643 1451 2706 Ceterum
1473 2642 1556 2704 bene

279 2773 393 2830 monet
409 2767 566 2849 Koppe,
583 2771 719 2848 propter
733 2763 891 2827 librorum
908 2763 997 2826 illius
1013 2763 1171 2846 temporis
1188 2763 1349 2840 indolem,
1368 2761 1487 2845 quippe
1504 2760 1561 2844 qui

280 2892 315 2949 et
337 2885 467 2948 maioris
489 2884 613 2948 fuerint
634 2883 795 2961 ambitus,
822 2905 920 2966 quam
943 2883 997 2966 qui
1019 2883 1053 2946 in
1069 2883 1241 2948 itineribus
1257 2882 1354 2946 facile
1371 2880 1560 2944 circumfer-

279 3011 407 3082 rentur,
434 3011 469 3067 et
491 3003 636 3087 capitum
652 3025 689 3066 ac
705 3025 858 3067 versuum
875 3002 1087 3068 distinctione
1109 3026 1241 3086 prorsus
1258 3000 1437 3079 caruerint,
1462 2999 1562 3064 aliam

281 3123 448 3206 allegandi
463 3122 622 3186 rationem
641 3123 826 3207 exspectari
840 3146 907 3187 non
921 3145 1029 3207 posse.

368 3370 394 3432 1)
413 3363 477 3414 Noc.
492 3370 548 3414 test.
560 3382 644 3429 praec.
659 3368 720 3416 Vol.
735 3366 757 3416 1.
772 3382 897 3416 excursus
916 3365 938 3423 1,
956 3366 1013 3412 loca
1025 3365 1114 3412 ceteris
1126 3366 1183 3412 teat.
1197 3361 1314 3427 quomodo
1327 3363 1444 3410 micuerit
1456 3359 1559 3410 Paulus.
