3376 5200
824 272 864 334 55

206 467 358 560 (αθεκησω
386 478 476 540 solus
502 475 574 539 cod.
594 479 654 538 301
678 473 789 538 Halm.
800 524 809 553 ,
837 497 939 558 aeque
962 497 999 538 ac
1022 481 1132 558 patres
1154 475 1306 539 nonnulli
1330 497 1346 540 e
1368 476 1486 540 Pauli

205 597 403 662 auctoritate
418 596 589 680 pendens).

292 717 358 780 Cur
381 717 533 780 Paulus
563 714 748 778 versionem
772 721 942 798 praeterea
967 721 1119 778 accurate
1144 722 1277 779 secutus
1303 722 1486 779 extremum

205 839 342 902 verbum
366 835 561 914 mutaverit,
587 857 655 898 non
680 833 816 897 difficile
842 841 894 898 est
919 833 1022 898 dictu.
1068 834 1215 898 Primum
1239 834 1326 898 enim
1350 841 1486 914 αθετησα

206 955 461 1021 commodiorem
484 953 651 1019 efficiebat
672 955 934 1038 parallelismnm
956 954 1009 1038 (oi.
1029 960 1127 1018 antea
1143 956 1268 1038 απολω),
1290 977 1365 1018 cum
1382 972 1486 1035 κρνψω

206 1101 224 1140 a
239 1099 326 1140 nexu
341 1077 515 1139 verborum
532 1073 637 1157 magis
653 1047 797 1137 alienum
812 1080 917 1151 esset,
944 1067 1061 1137 deinde
1084 1074 1197 1137 eodem
1221 1075 1382 1143 vocabulo
1399 1062 1486 1155 (αθε-

206 1319 257 1394 33,
277 1321 333 1380 1οι
364 1321 466 1375 utera
483 1315 513 1374 δε
530 1315 681 1393 λοχισμονς
699 1315 777 1373 λαων
795 1336 843 1373 και
862 1319 963 1374 uterer
979 1315 1087 1395 βοολας
1106 1335 1258 1393 αρχοννων.
1297 1315 1347 1378 De
1367 1314 1486 1396 quibus
1509 1373 1513 1380 .

205 1436 375 1518 apostolus
393 1433 580 1498 memoriter
595 1434 705 1496 locum
722 1434 870 1517 allegans
887 1433 1052 1517 cogitasse
1068 1433 1163 1497 nobis
1179 1433 1321 1497 videtur.

290 1555 401 1617 Verba
417 1553 572 1616 hebraica
593 1565 710 1648 '11223923
731 1552 808 1647 *353
829 1564 918 1637 ”3⁸2³
941 1563 1041 1646 Ἶῆηξὶξξ
1057 1563 1153 1647 ΠᾮᾈΙῚ
1170 1564 1277 1647 ³3:3²5]
1303 1553 1487 1616 accuratius

205 1675 365 1737 vertenda
386 1680 494 1738 erant:
521 1679 550 1735 et
565 1674 682 1755 peribit
697 1675 851 1756 sapientie
873 1674 1057 1756 sapientiam
1077 1674 1142 1736 eiua
1164 1676 1222 1754 (sc.
1239 1673 1354 1757 populi
1369 1673 1485 1757 Israel)

205 1801 234 1856 et
243 1795 413 1875 prudentia
426 1794 624 1874 prudentiam
639 1794 704 1856 αάο
721 1795 887 1857 delitescet.
933 1793 1031 1856 LXX
1053 1793 1155 1876 igitur
1176 1800 1282 1856 totam
1305 1792 1485 1856 orationem

205 1913 246 1975 ad
263 1913 359 1976 deum
375 1913 555 1977 referentes
570 1913 690 1977 tertiae
706 1935 864 1996 personae
877 1913 1016 1996 primam
1029 1913 1283 1992 substituerunt,
1302 1936 1400 1996 quam
1415 1936 1486 1975 mu·

204 2031 366 2095 tationem
382 2031 482 2096 etiam
498 2033 620 2096 Paulus
637 2055 654 2096 e
671 2033 820 2096 versione
835 2033 972 2117 recepit.

559 2346 561 2350 ,
752 2290 928 2368 ΙιοοιιιΙι.

555 2431 586 2511 a)
610 2425 716 2490 lCor.
735 2429 764 2504 l,
783 2429 822 2490 31
841 2425 883 2488 cf.
902 2425 1017 2504 Jer..9‚
1036 2430 1075 2490 23
1087 2449 1136 2509 sq.

281 2600 357 2676 Ἵνα
375 2603 503 2693 καθώς
521 2612 717 2705 γέγραπται
732 2600 773 2674 Ὁ
790 2597 1019 2695 καυχώμενος
1038 2609 1076 2674 ἐν
1093 2606 1203 2702 κυρίῳ
1220 2599 1435 2695 καυχάσθω.

290 2753 401 2819 LXX.
435 2737 512 2812 ἀλλ’
532 2721 565 2838 ἢ
573 2747 611 2812 ἐν
629 2735 744 2836 tocco)
762 2735 966 2832 καυχάσθω
990 2737 1008 2810 ὁ
1028 2734 1259 2836 καυχώμενος
1277 2752 1410 2814 συνιεῖν
1428 2745 1489 2814 καὶ

205 2873 391 2968 γινώσκειν
409 2873 465 2949 ὅτι
483 2871 551 2968 ἐγώ
573 2882 647 2970 εἰμι
665 2871 788 2974 κύριος
806 2879 880 2948 aci.

291 3009 439 3072 Paulus
464 3008 582 3092 igitur,
609 3015 647 3071 ut
668 3005 741 3072 cuni
759 3007 1011 3071 S'urenhusio
1037 3009 1225 3091 loquamur,
1252 3016 1306 3073 tot
1326 3011 1427 3074 verba
1448 3033 1489 3074 ex

205 3132 368 3213 propheta
384 3129 558 3212 decerpsit,
580 3135 661 3212 quot
671 3129 713 3192 ad
723 3128 927 3212 probandum
938 3135 1150 3211 praeceptum
1166 3129 1251 3193 illud
1267 3137 1361 3193 erant
1376 3153 1488 3195 neces·

206 3219 302 3313 saria.
348 3250 472 3313 Eadem
497 3249 624 3314 ratione
650 3249 821 3332 apostolus
846 3250 942 3312 Rom.
961 3252 1012 3332 15,
1028 3251 1059 3312 3.
1087 3253 1103 3313 1
1123 3249 1197 3312 Cor.
1217 3255 1246 3328 2,
1265 3255 1283 3313 9
1306 3249 1488 3334 scripturae

205 3371 306 3433 verba
330 3369 372 3432 ad
393 3369 459 3432 vim
485 3369 642 3432 orationis
667 3369 852 3450 augendam
877 3367 944 3432 suis
969 3367 1093 3434 inserit.
1141 3369 1322 3450 Allegandi
1346 3369 1487 3433 formula

192 3489 293 3550 .enim
315 3491 398 3570 (καθ.
410 3490 493 3569 χεχρ,)
510 3487 615 3570 magis
630 3488 865 3570 parentheseos
881 3489 955 3550 loco
971 3486 1124 3550 habenda
1140 3492 1202 3550 est.

569 3708 601 3793 b)
627 3708 731 3771 acor.
751 3711 801 3786 10,
821 3709 860 3773 17
877 3707 919 3772 cf.
938 3709 1004 3772 Jer.
1022 3712 1053 3787 9,
1072 3713 1123 3774 23.

292 3881 417 3944 Eadem
439 3879 540 3943 verba
562 3878 694 3964 (omissa
715 3879 883 3963 allegandi
903 3879 1056 3965 formula)
1082 3881 1234 3944 Paulus
1257 3881 1357 3944 etiam
1374 3887 1392 3946 2
1410 3881 1486 3946 Cor.

208 4004 258 4079 10,
278 4003 316 4064 17
334 3999 474 4064 crationi
490 4022 567 4064 suae
583 3999 721 4064 inseruit
742 4002 829 4064 hunc
845 4000 879 4063 in
895 4001 1046 4064 modum:
1075 3998 1090 4062 ὁ
1110 3995 1139 4061 δὲ
1157 3997 1339 4081 καυχώμενος
1357 3997 1385 4062 ἓν
1402 3999 1489 4080 κυρίῳ

206 4116 377 4201 καυχάσθω.
414 4121 497 4184 Inde
514 4128 661 4205 apparet,
681 4120 864 4186 breviorem
879 4123 966 4185 hanc
982 4120 1083 4186 edicti
1098 4120 1236 4184 formam
1253 4121 1405 4204 apostolo
1422 4121 1486 4185 usi·

206 4247 313 4304 tatam
328 4241 441 4305 fuisse.
1014 4241 1017 4246 '
