3376 5200
816 293 856 355 41
1091 249 1111 300 ⁸

197 508 289 566 terea
317 499 442 583 legitur
471 497 505 560 in
534 519 619 560 novo
644 497 739 580 test.)
767 516 827 558 nec
855 517 921 559 non
946 495 1047 559 verba
1075 501 1238 574 extrema,
1274 495 1333 560 ubi
1355 495 1478 560 Paulus

197 643 256 706 pro
278 643 306 681 ev
323 643 356 698 τη
376 641 483 695 οικουμ.
501 619 551 695 obp
571 615 766 700 simpliciter
781 615 934 700 praebet:
954 637 1000 676 em
1017 635 1113 693 πασης
1129 637 1179 693 της
1196 637 1253 696 γης.

283 775 402 838 Restat
428 770 526 836 etiam
552 769 700 854 quaestio
723 771 777 834 vel
799 768 1012 847 difficillima,
1039 791 1134 853 quem
1158 792 1290 834 sensum
1308 771 1479 854 apostolus

118 883 121 890 ¹
198 895 294 958 LXX
309 893 454 958 virorum
474 890 582 956 verbis
604 889 758 955 tribuerit
773 911 835 954 nec
850 913 927 968 non,
954 890 1117 973 quomodo
1133 889 1230 953 Lxx
1246 889 1281 953 in
1296 889 1480 954 versionem

198 1014 290 1078 illam
305 1036 370 1076 non
386 1012 505 1077 leviter
521 1035 540 1074 a
554 1017 652 1074 textu
667 1009 821 1074 hebraico
837 1010 1048 1074 recedentem
1063 1008 1250 1074 inciderint.
1289 1009 1400 1072 Verba
1422 1011 1478 1072 he·

197 1134 307 1199 braica
338 1135 419 1196 haec
451 1139 550 1196 sunt:
589 1129 626 1196 'm
651 1129 729 1220 niti}
754 1129 825 1226 Ἶῐςῖῤ
853 1141 917 1220 ῦξη
941 1124 1020 1225 bins
1049 1125 1154 1224 δὶςζτῖηῇ
1179 1140 1250 1224 urps}
1274 1139 1421 1223 ΗζῆἿἛῑς
1446 1145 1479 1210 ¹¹2,

197 1242 1479 1349 mmwmmwfflwwwwm

197 1367 347 1466 γξ)8η“5ξ
370 1376 403 1436 h.
423 1395 451 1435 e.
479 1393 519 1434 ex
543 1368 815 1453 interpretatione
840 1375 969 1433 nostras
983 1393 1066 1454 ,som
1085 1369 1113 1432 si
1133 1370 1192 1432 erit
1217 1375 1324 1450 (esset)
1342 1369 1478 1450 populas

198 1499 287 1566 iaus,
311 1492 427 1565 lsrael,
454 1491 737 1563 clarescentem,
763 1491 844 1575 [non
870 1489 947 1574 nisi]
968 1490 1119 1574 reliquiae
1142 1511 1242 1552 corum
1262 1487 1419 1572 (propriet
1445 1488 1479 1551 iu

198 1615 242 1695 eo)
271 1612 414 1675 rediberet
435 1614 492 1694 (sc.
516 1610 686 1687 addeum,
711 1611 743 1672 h.
762 1631 791 1673 e.
809 1632 840 1672 se
856 1612 1051 1693 converterat).
1098 1609 1210 1673 Verba
1234 1620 1311 1677 ms
1336 1619 1407 1675 'litii
1431 1607 1479 1672 ita

198 1731 388 1817 accipienda
412 1753 483 1795 esse
505 1731 602 1794 docet
623 1731 716 1794 locus
738 1729 805 1792 Jes.
826 1731 854 1808 7,
873 1733 909 1806 3;
941 1728 1061 1792 alludit
1083 1729 1170 1792 enim
1190 1730 1284 1793 locus
1303 1735 1416 1792 noster
1437 1729 1479 1794 ad

197 1874 317 1916 nomen
332 1851 417 1915 illud
433 1851 493 1915 filii
509 1852 528 1912 J
530 1849 647 1914 esaiae.
695 1851 743 1912 At
765 1849 953 1933 symbolum
974 1849 1098 1913 nomini
1119 1848 1170 1912 illi
1187 1849 1330 1913 inditum
1345 1847 1478 1912 minime

197 1971 457 2054 intelligentes¹)
479 1971 575 2033 LXX
597 1969 658 2033 viri
681 1969 779 2032 etiam
803 1969 960 2034 hocloco
981 1969 1089 2033 verbis
1114 1979 1192 2036 :lut
1213 1982 1285 2037 ssu
1308 1969 1479 2032 notionem

196 2090 385 2175 recipiendi,
403 2089 600 2153 restituendi
615 2089 813 2152 tribuerunt.
861 2089 1044 2171 Apostolus
1067 2095 1178 2153 eutem
1199 2095 1366 2168 σωθησεται
1381 2111 1479 2153 sensu

196 2211 320 2275 usitato
343 2211 383 2274 de
406 2211 513 2274 salute
536 2208 730 2272 messianics
751 2208 819 2272 sive
841 2215 975 2271 aeterna
995 2209 1158 2293 accipiens
1177 2209 1212 2274 in
1232 2212 1294 2274 hae
1315 2232 1350 2274 re
1372 2209 1478 2292 magis

196 2331 326 2396 accedit
348 2331 390 2395 ad
410 2336 542 2394 textum
563 2328 771 2407 hebraicum,
798 2327 860 2391 nisi
882 2329 970 2411 quod
989 2351 1047 2412 pro
1071 2351 1169 2393 eausa
1189 2329 1355 2394 efficiente
1378 2331 1423 2414 (h.
1447 2351 1475 2392 e.

102 2493 109 2500 ·
195 2475 375 2536 paucorum
406 2449 629 2533 conversione)
659 2471 729 2512 rem
759 2450 855 2512 affert
885 2456 1161 2532 consequentem,
1183 2472 1310 2533 nempe
1336 2449 1479 2513 salutem

197 2595 309 2636 eorum
331 2579 509 2636 aeternam.
532 2609 564 2617 -
585 2572 768 2652 Sequentes
788 2575 902 2632 textus
927 2569 1074 2634 hebraici
1097 2591 1211 2635 versus
1235 2569 1283 2634 ita
1307 2575 1478 2634 verterunt

195 2691 291 2756 LXX
307 2691 442 2776 interpr.
452 2740 461 2770 ,
488 2697 526 2753 ut
543 2711 618 2752 cum
633 2689 801 2754 nonnullis
818 2689 969 2754 dubitare
986 2691 1109 2774 possis,
1135 2714 1214 2754 num
1235 2689 1344 2755 verbis
1366 2712 1477 2753 eorum

197 2799 385 2894 comparato
402 2818 499 2875 textu
514 2809 668 2875 hebraico
686 2832 801 2873 sensus
818 2809 949 2873 omnino
966 2809 1046 2874 insit
1055 2811 1089 2894 ²).
1130 2812 1256 2876 'sextus
1279 2811 1366 2874 enim
1381 2810 1474 2874 hebr.
1576 2866 1578 2874 .

196 2932 277 2994 haec
293 2929 361 2994 fere
383 2931 502 2995 habet:
527 2930 677 2994 escidium
700 2931 851 2993 decretum
871 2937 933 3004 est,
949 2931 1091 3016 flambrio
1112 2933 1213 2995 instar
1232 2933 1363 3017 affereas
1385 2931 1476 2994 iasti-

196 3051 271 3114 iicm
295 3051 423 3130 (iustum
449 3051 624 3131 suaseram).
670 3051 750 3113 Nam
771 3051 922 3114 escidium
947 3057 975 3114 et
1000 3053 1151 3115 decretam
1176 3054 1221 3136 (h.
1246 3073 1274 3115 e.
1301 3052 1398 3114 occid.
1425 3053 1476 3114 de·

195 3177 323 3252 cretam)
338 3171 475 3258 efficiens
492 3177 565 3254 (est)
583 3171 721 3235 dominas
736 3171 850 3234 Jetooa
869 3171 1000 3234 Zebooib
1016 3172 1049 3234 ie
1065 3173 1165 3235 media
1181 3177 1246 3236 iota
1262 3179 1356 3236 terra.
1382 3171 1476 3236 Quae

194 3289 291 3356 LXX
315 3291 459 3356 virorum
480 3291 586 3357 versio
607 3292 755 3376 praebet,
779 3293 867 3355 hunc
888 3290 923 3354 in
944 3293 1079 3356 modum
1099 3299 1172 3357 orta
1188 3314 1259 3356 esse
1276 3291 1429 3356 existimo
1438 3293 1473 3375 ⁸).

193 3411 235 3474 In
250 3418 390 3495 utroque
406 3411 617 3476 hemistichio
640 3432 720 3475 voce
742 3431 899 3488 eversurus
914 3409 1057 3474 radicem
1073 3413 1166 3476 hebr.
1188 3423 1257 3502 ’ΠΙ
1278 3413 1474 3476 reddebant.

194 3528 278 3592 Voci
308 3524 389 3610 tib:
418 3529 587 3595 notionem
616 3531 778 3597 nerveiaco
810 3529 1060 3594 substituebant
1091 3534 1205 3614 (paene
1235 3531 1357 3616 ubique
1388 3531 1476 3596 enim

279 3807 306 3871 1)
330 3807 429 3858 Locum
450 3807 507 3859 Jcs.
521 3807 574 3868 7,3
597 3807 665 3857 Lxx
687 3810 811 3858 vertunt=
831 3825 844 3857 o
867 3807 1051 3868 καταλειφθεις
1073 3810 1177 3874 Ιασουβ
1190 3809 1238 3875 (!);
1268 3812 1304 3861 cf.
1319 3816 1356 3862 et.
1372 3814 1413 3871 10,
1427 3815 1473 3862 21:

193 3911 335 4043 ζῗὲιεσδτῶι
354 3913 385 3944 το
406 3894 582 3954 καταλειφθεν
601 3911 650 3944 του
670 3893 759 3956 Ιακωβ
779 3910 824 3944 sats
845 3895 910 3944 deos
930 3911 1058 3970 sogonna
1081 3885 1129 3960 (brt
1150 3902 1221 3964 212³*
1243 3903 1304 3951 nub
1325 3903 1395 3950 :aar
1413 3903 1474 3952 suu
1525 3977 1528 3982 Ι

278 4097 305 4163 2)
324 4099 439 4151 Omnino
452 4101 471 4150 J
477 4101 588 4152 essise
606 4101 740 4166 interpres
757 4101 830 4154 inter
846 4101 916 4152 Lxx
934 4103 1005 4152 viros
1023 4104 1132 4154 minime
1151 4104 1241 4154 officio
1259 4121 1306 4156 suo
1326 4107 1471 4156 satisfecit.

191 4186 252 4236 ans
264 4187 444 4238 Michaelis
458 4188 574 4237 omnium
587 4187 733 4252 pessimum
746 4203 805 4237 eum
817 4189 934 4239 dicebat.
973 4187 1055 4239 Geso
1064 4191 1111 4240 nii
1129 4191 1258 4240 iudicium
1275 4192 1337 4242 vide
1356 4193 1385 4242 in
1403 4208 1471 4242 com·

192 4277 276 4322 ment.
291 4273 326 4322 sd
338 4273 423 4336 Jesej.
437 4273 451 4322 1
469 4289 496 4338 p.
508 4273 541 4322 56
551 4289 592 4338 sq.

277 4390 305 4454 3)
323 4393 362 4442 Ex
378 4394 490 4443 aliorum
507 4393 653 4444 sententiis
669 4393 745 4444 vider
763 4395 937 4445 Fritzsche
959 4393 1063 4458 (Cosam.
1081 4395 1106 4444 in
1122 4397 1195 4459 epist.
1214 4393 1290 4446 Pasb‘
1306 4396 1342 4446 ad
1352 4394 1425 4446 Rom.
1443 4397 1472 4450 11

191 4493 219 4542 p.
231 4475 294 4540 ³49)
308 4481 336 4528 st
347 4475 382 4526 E.
395 4475 480 4528 Maior
492 4477 615 4543 (Annales
631 4475 736 4543 stiny.
750 4481 816 4531 1845
829 4479 942 4546 p.190).
