3376 5200
827 305 866 364 91

762 392 932 400 ———

208 509 282 572 eod.
300 521 323 574 re
343 529 374 568 εκ
393 529 441 568 του
457 527 557 586 mono,
576 506 627 570 ed.
646 505 777 588 Compl.
800 527 830 566 εκ
851 525 939 582 proco
964 527 1062 565 oorov.
1112 505 1201 568 Ante
1227 510 1370 584 αφορισθ.
1396 505 1486 568 solus

208 628 280 691 eod.
300 626 378 693 XII
394 625 488 690 addit
504 648 553 686 και
571 629 624 709 (22
640 646 738 709 super
754 624 864 708 linea).
958 649 965 672 ²

292 747 404 814 Hebr.
449 749 504 813 ‘m
527 755 610 835 sisu
633 742 745 835 estun
769 755 830 838 ssu
852 742 991 833 iren-br
1016 753 1091 833 unp
1116 739 1191 833 ritu
1221 753 1282 837 rer
1313 753 1386 809 suso
1415 755 1488 811 inse

208 869 241 929 h.
259 887 288 929 e.
312 865 460 938 recedite,
480 867 612 928 recedite
632 866 740 939 illiue,
761 864 930 949 prrfomou
951 885 989 926 ne
1010 863 1140 942 inopiis,
1165 863 1343 943 eprodo'miui
1357 884 1374 925 c
1388 863 1488 925 medio

207 1007 242 1048 ea
259 989 387 1069 (nempe
404 991 486 1048 terro
508 985 739 1068 Chaldaeorum)
756 991 821 1047 sto.
831 1008 840 1059 ;
867 1005 948 1066 quae
965 990 1054 1047 recte
1074 981 1288 1046 reddiderunt
1304 981 1399 1045 LXX
1415 981 1486 1060 viri,

207 1104 270 1168 nisi
300 1105 387 1188 quod
422 1104 496 1168 voci
530 1116 611 1170 t'tzi't
641 1103 860 1184 (lustramini)
891 1102 1059 1166 notionem
1086 1103 1252 1183 separandi
1286 1101 1486 1164 tribuerunt.

207 1224 554 1302 Paulusliberrime
586 1224 719 1307 singula
748 1222 908 1286 versionis
939 1222 1040 1285 verba
1069 1213 1213 1285 miscet(
1258 1221 1363 1285 Addit
1393 1219 1486 1284 initio

207 1347 258 1415 διο,
281 1350 457 1426 utrumque
475 1365 618 1420 αποστητε
633 1342 770 1420 omittit,
791 1364 849 1425 pro
866 1347 974 1402 εκειθεν
999 1340 1113 1404 statim
1138 1363 1179 1405 ex
1206 1340 1415 1404 hemistichio
1441 1341 1488 1404 al-

209 1470 281 1526 tero
298 1461 473 1526 substituit
490 1453 618 1539 ea'psooo
630 1484 724 1522 ocimo
746 1461 854 1544 (LXX
866 1465 963 1546 αυτης)
987 1468 1021 1524 et
1043 1483 1090 1522 και
1102 1467 1291 1540 upopodion.
1335 1460 1485 1544 Denique

208 1604 225 1646 e
248 1581 314 1644 suis
336 1582 504 1664 allegandi
527 1581 700 1644 formulam
725 1581 817 1645 addit
841 1583 912 1661 loyor
929 1603 1031 1662 sopior·
1076 1581 1187 1645 Verba
1208 1587 1320 1644 etitem
1342 1586 1490 1643 extrema

207 1694 249 1782 (or
265 1722 399 1782 φεροντες
416 1691 491 1779 κτλ.)
512 1708 551 1763 ut
566 1701 607 1765 ab
624 1709 818 1784 argumento
842 1725 900 1764 suo
923 1723 1056 1784 prorsus
1078 1700 1186 1764 aliena
1207 1699 1345 1763 omittit.
1392 1700 1488 1763 Unde

207 1828 318 1886 autem
339 1821 398 1884 illa
423 1845 502 1901 noyn
526 1820 684 1898 εισδεξομαι
709 1844 785 1898 opor
814 1821 1001 1906 repetierit,
1035 1819 1122 1884 varie
1155 1819 1357 1884 dissentiunt
1386 1818 1487 1883 inter-

206 1949 328 2024 pretes.
373 1942 509 2026 Meyer
527 1941 567 2004 de
584 1942 658 2004 loco
675 1943 799 2005 Ezech.
819 1947 870 2020 20,
888 1946 929 2006 34
946 1940 1089 2025 cogitat:
1115 1963 1163 2001 και
1181 1939 1274 2014 εξαξω
1291 1961 1367 2018 opor
1385 1963 1415 2000 εκ
1433 1963 1489 2000 των

207 2063 285 2121 lucu
301 2084 350 2121 και
367 2059 526 2137 εισὸεξομαι
542 2082 619 2137 opes·
636 2083 667 2120 εκ
684 2084 740 2120 των
755 2083 855 2140 perosor
870 2061 929 2120 κτλ.
946 2061 1001 2143 (cl.
1019 2060 1119 2124 etiam
1134 2063 1183 2138 ll,
1197 2062 1247 2124 17.
1265 2059 1365 2123 Zaoh.
1378 2061 1429 2137 10,
1443 2061 1486 2142 8).

208 2182 273 2244 Sed
290 2203 362 2243 eum
380 2180 550 2263 apostolus
566 2186 735 2262 praeterea
750 2202 791 2242 ne
807 2203 908 2242 unum
925 2179 1054 2263 quidem
1077 2181 1189 2244 locum
1210 2201 1227 2242 e
1247 2179 1410 2270 propheta
1429 2178 1488 2242 illo

206 2299 424 2384 repetierit¹),
451 2299 546 2363 uobis
571 2299 773 2362 tutissimum
802 2299 945 2377 videtur,
972 2300 1013 2363 ad
1038 2301 1057 2362 J
1065 2299 1213 2364 esaiam
1237 2299 1344 2382 ipsum
1368 2297 1485 2377 redire,

207 2420 326 2504 quippe
352 2420 407 2504 qui
430 2421 479 2484 ita
502 2426 621 2503 pergat
646 2424 711 2503 (52,
731 2424 798 2502 lu:
824 2442 1052 2499 προπορευσεται
1069 2443 1124 2499 γαρ
1143 2439 1283 2499 προτερος
1300 2442 1378 2497 opud
1394 2441 1490 2498 κυριος

206 2563 254 2602 και
272 2565 287 2601 o
305 2562 480 2620 επισυναγων
498 2561 574 2618 opor
593 2546 665 2608 θεος
683 2542 802 2619 Ισραηλ.
851 2539 960 2604 Facile
991 2540 1161 2623 apostolus
1193 2537 1381 2602 memoriter
1414 2562 1488 2622 pro-

205 2663 341 2744 phetam
366 2660 515 2742 allegans
541 2682 557 2723 e
580 2659 688 2724 verbis
714 2659 869 2723 extremis
891 2651 922 2740 (o
940 2681 1115 2739 snroooayoso
1132 2653 1208 2737 κτλ.)
1232 2658 1316 2722 illud
1340 2681 1418 2738 xuyoo
1436 2680 1488 2720 εισ-

206 2778 322 2856 triopas
332 2800 408 2855 υμας
426 2779 583 2861 colligere
599 2786 742 2862 poterat,
760 2803 834 2843 eum
850 2803 917 2843 non
932 2780 1075 2843 multum
1091 2778 1287 2844 discriminis
1303 2777 1488 2842 intercedat

206 2899 292 2962 inter
307 2899 405 2961 deum
421 2899 564 2962 Judaeos
581 2898 643 2962 sibi
660 2899 875 2982 colligentem
891 2908 925 2964 et
941 2901 1028 2983 apud
1044 2922 1078 2964 se
1095 2899 1319 2983 recipientem.

290 3087 323 3170 1))
354 3087 453 3153 Lxx
482 3089 606 3151 isam.
633 3092 662 3166 7,
688 3092 743 3153 14:
788 3075 853 3167 ἐγώ
889 3083 1019 3172 ἔσομαι
1053 3073 1151 3174 αὐτῷ
1184 3084 1233 3166 εἰς
1261 3083 1400 3173 πατέρα
1428 3077 1489 3148 καὶ

205 3210 316 3301 αὐτὸς
334 3219 437 3286 ἔσται
453 3241 518 3308 μοι
530 3221 582 3302 εἰς
595 3211 686 3286 υἱόν.
1472 3311 1475 3318 ⁴

290 3343 382 3408 Quae
399 3345 499 3408 verba
515 3346 638 3427 optime
660 3347 862 3429 respondent
884 3347 1062 3410 hebraicis:
1088 3340 1251 3439 8333155,
1274 3339 1415 3437 i'i'rissfrtr}
1437 3356 1487 3437 ’315

204 3459 259 3556 ῑὲξ
282 3457 426 3554 ἦᾛξηῖ.
473 3464 655 3544 Apostolus
678 3471 788 3526 autem
810 3472 879 3527 tam
901 3465 1004 3528 libere
1026 3467 1136 3528 locum
1161 3465 1254 3527 illum
1281 3465 1422 3547 allegat,
1449 3471 1488 3527 ut

205 3581 268 3644 iam
286 3579 454 3644 Grotius
481 3584 526 3663 (et
551 3581 702 3645 similiter
724 3590 800 3665 post
822 3605 896 3647 eum
917 3585 1075 3668 Ewald)
1101 3586 1202 3649 verba
1226 3584 1295 3648 eius
1322 3607 1338 3647 e
1364 3583 1487 3647 celebri

205 3701 345 3786 quodam
368 3701 567 3765 Judaecrum
588 3704 709 3786 hymno
733 3703 908 3788 desumpta
932 3711 1076 3790 putaret.
1122 3705 1167 3767 Et
1189 3704 1334 3768 dubitari
1354 3703 1487 3787 quidem

204 3829 332 3907 potest,
359 3828 470 3884 utrum
492 3823 643 3885 Paulus
669 3824 709 3886 de
732 3825 795 3886 hoc
816 3823 1025 3907 potissimum
1041 3847 1137 3888 versu
1154 3823 1368 3908 cogitaverit,
1395 3823 1486 3887 enin

204 3941 391 4006 universum
407 3943 449 4006 ad
466 3942 714 4026 promissionem
730 3943 821 4007 illam
844 3967 940 4028 saepe
963 3944 1138 4028 repetitam
1159 3943 1308 4008 alluserit
1329 3943 1384 4028 (of.
1402 3943 1484 4007 Mal.

205 4067 234 4140 3,
254 4065 305 4125 13.
324 4061 475 4125 lChrcu.
496 4065 546 4141 17,
566 4067 604 4128 13
621 4065 683 4139 al.;
709 4063 815 4127 minus
834 4067 897 4128 huc
913 4064 1081 4148 pertinent
1097 4066 1163 4128 Jer.
1181 4068 1233 4142 31,
1252 4069 1282 4127 9.
1295 4067 1347 4128 33.
1367 4068 1418 4141 32,
1431 4067 1483 4128 38.

289 4305 316 4368 1)
344 4307 469 4357 Ezechiel
490 4308 519 4356 in
541 4323 610 4358 novo
632 4313 739 4359 testam.
764 4325 818 4359 non
840 4311 892 4360 nisi
914 4311 941 4360 in
961 4313 1071 4374 Apocol.
1091 4310 1236 4374 aliquoties
1254 4309 1375 4366 effertur-3
1405 4307 1485 4356 etiam

204 4391 303 4440 Philo
325 4391 374 4454 (oi.
393 4392 649 4452 llichhornium,
667 4393 813 4458 Einleituny
831 4397 858 4444 in
877 4394 923 4444 dor
936 4394 967 4442 A.
985 4393 1014 4443 Τ.
1035 4397 1046 4444 l
1065 4414 1091 4462 p.
1107 4396 1168 4460 1³5)
1187 4393 1337 4446 Ezechielis
1356 4409 1485 4460 nusquam

203 4477 270 4526 fecit
282 4478 456 4528 mentionem.
